1434 2333
128 365 150 402 9

102 807 151 845 10

103 1400 147 1437 11

102 1846 149 1882 12

387 139 504 176 ΤΗΕ
535 137 790 175 EPISTLES
821 137 892 173 OF
922 135 1131 174 SENECA

171 224 281 262 Doce
302 237 379 269 me,
400 223 496 273 quid
517 226 568 260 sit
589 222 781 273 pudicitia
801 227 842 259 et
863 227 1057 272 quantum
1072 224 1113 258 in
1129 234 1175 258 ea
1195 222 1357 266 bonum,

169 301 209 333 in
230 311 391 347 corpore
412 311 461 334 an
483 300 524 333 in
544 299 676 333 animo
696 299 824 346 posita
845 299 905 332 sit.

238 371 301 407 Ad
322 374 517 409 musicum
532 376 713 408 transeo:
743 370 862 407 doces
882 383 960 416 me,
975 369 1173 420 quomodo
1192 371 1299 406 inter
1318 382 1359 406 se

169 450 309 482 acutae
335 459 380 482 ac
404 458 543 495 graves
567 449 800 489 consonent,
821 443 1019 493 quomodo
1042 455 1253 480 nervorum
1281 442 1359 479 dis-

170 532 305 569 parem
324 519 582 556 reddentium
603 531 743 555 sonum
766 519 836 554 fiat
862 517 1095 561 concordia3
1129 516 1190 553 fac
1214 519 1360 565 potius,

169 593 368 643 quomodo
397 595 552 629 animus
579 605 714 630 secum
739 605 852 629 meus
879 596 1072 628 consonet
1099 604 1174 628 nec
1199 590 1361 627 consilia

170 677 259 701 mea
302 663 542 713 discrepent.
622 663 820 700 Monstras
862 662 972 708 mihi,
1012 665 1079 712 qui
1127 664 1207 698 sint
1253 661 1361 698 modi

169 738 344 781 flebiles;
373 742 550 774 monstra
576 740 721 786 potius,
742 736 940 786 quomodo
964 739 1070 773 inter
1095 736 1257 773 adversa
1280 749 1360 772 non

171 815 352 849 emittam
373 811 545 849 flebilem
562 824 709 848 vocem.
770 810 906 848 Metiri
923 823 986 847 me
1002 815 1227 859 geometres
1243 809 1362 846 docet

169 885 381 923 latifundia
419 888 551 935 potius
598 898 716 935 quam
764 885 918 930 doceat,
961 884 1160 934 quomodo
1206 886 1361 929 metiar,

170 965 364 1009 quantum
398 958 549 995 homini
584 961 678 996 satis
707 961 768 995 sit.
829 958 1047 995 Numerare
1077 958 1197 995 docet
1225 971 1289 995 me
1320 963 1362 995 et

169 1036 355 1070 avaritiae
377 1032 602 1070 commodat
623 1032 770 1081 digitos
791 1035 922 1081 potius
949 1045 1067 1081 quam
1094 1032 1238 1069 doceat
1262 1031 1361 1068 nihil

170 1106 220 1143 ad
266 1120 351 1144 rem
399 1109 600 1156 pertinere
648 1109 742 1143 istas
790 1109 1109 1155 computationes,
1148 1119 1228 1142 non
1276 1118 1361 1143 esse

170 1181 401 1226 feliciorem,
422 1183 532 1217 cuius
552 1182 835 1229 patrimonium
856 1163 1068 1216 tabularios
1089 1180 1221 1226 lassat,
1241 1183 1362 1217 immo

170 1268 288 1304 quam
309 1267 551 1303 supervacua
571 1253 786 1302 possideat,
806 1256 873 1302 qui
894 1252 1185 1290 infelicissimus
1207 1252 1363 1290 futurus

171 1334 245 1374 est,
280 1331 310 1364 si
344 1332 538 1378 quantum
572 1327 719 1363 habeat
753 1339 822 1376 per
855 1340 896 1363 se
931 1332 1148 1376 conputare
1183 1332 1359 1376 cogetur.

171 1400 279 1447 Quid
306 1401 402 1437 mihi
428 1400 591 1450 prodest
616 1403 714 1437 scire
738 1400 913 1449 agellum
942 1403 983 1437 in
1009 1406 1142 1450 partes
1169 1400 1361 1446 dividere,

170 1479 201 1512 si
235 1478 368 1512 nescio
402 1488 492 1511 cum
526 1473 647 1510 fratre
682 1473 889 1510 dividere?
945 1473 1053 1519 Quid
1086 1474 1250 1524 prodest
1283 1475 1361 1511 col-

170 1549 295 1598 ligere
317 1548 517 1585 subtiliter
537 1547 660 1596 pedes
681 1550 808 1596 iugeri
831 1552 872 1584 et
893 1548 1165 1597 conprendere
1188 1551 1307 1585 etiam
1329 1552 1360 1585 si

171 1622 266 1672 quid
287 1621 575 1670 decempedam
596 1620 746 1669 effugit,
767 1623 798 1657 si
819 1623 975 1658 tristem
1000 1635 1063 1659 me
1090 1621 1187 1658 facit
1210 1624 1360 1659 vicinus

170 1700 357 1746 inpotens
385 1700 426 1732 et
455 1694 605 1744 aliquid
634 1707 683 1731 ex
706 1707 796 1731 meo
825 1695 1047 1732 abradens?
1106 1696 1235 1733 Docet
1264 1710 1360 1746 quo-

170 1770 288 1807 modo
312 1769 411 1806 nihil
439 1768 602 1818 perdam
628 1781 676 1804 ex
705 1767 847 1804 finibus
876 1772 998 1813 meis;
1033 1775 1074 1806 at
1104 1783 1179 1820 ego
1208 1770 1360 1808 discere

171 1844 272 1889 volo,
293 1842 491 1893 quomodo
512 1846 617 1878 totos
638 1840 772 1877 hilaris
791 1844 983 1881 amittam.
1042 1848 1065 1864 “
1081 1843 1250 1881 Paterno
1266 1858 1361 1894 agro

171 1923 211 1953 et
241 1916 384 1961 avito,''
420 1918 564 1965 inquit,
595 1914 846 1963 “expellor.'’
907 1914 1042 1961 Quid?
1101 1918 1208 1954 Ante
1243 1932 1357 1955 avum

384 2009 514 2041 1With
532 2013 652 2041 ‹ic-ntae
668 2009 739 2040 and
752 2020 838 2051 (Ιναι
842 2020 880 2040 ns
897 2010 1025 2051 supply
1042 2022 1144 2044 eoves

382 2055 393 2072 '
418 2052 574 2094 Perhaps
591 2052 651 2084 the
668 2052 869 2095 equivalent
886 2052 926 2084 of
938 2060 985 2085 a
992 2054 1152 2087 minor.

171 2112 192 2143 00

198 2110 218 2143 01

224 2112 247 2142 4.
