1434 2333
415 131 529 167 THE
558 127 915 173 EPISTLESzOF
944 126 1155 165 SENECA

192 233 267 269 que
297 223 489 268 quantum
520 222 633 266 potes
662 229 782 259 vexaj.
822 221 863 252 et
892 218 977 252 istis
1005 215 1231 252 dicentibus
1260 218 1376 263 “quo

125 289 170 326 19
193 294 316 330 usque
348 279 550 317 eadem?''
600 279 818 328 responde:
858 282 971 327 “ego
1008 277 1205 314 debebam
1243 276 1375 313 dicere

193 348 293 392 ‘quo
333 355 457 392 usque
500 341 640 378 eadem
682 339 985 390 peccabitis?''’
1051 339 1242 376 Remedia
1281 343 1376 375 ante

192 404 311 440 vultis
349 416 467 453 quam
504 406 600 439 vitia
637 402 848 440 desinere?
923 401 1009 451 Ego
1047 414 1139 438 vero
1172 413 1219 437 eo
1252 403 1378 449 magis

192 465 321 502 dicam
350 470 404 510 et,
429 467 519 514 quia
548 467 750 510 recusatis,
774 463 1045 513 perseverabo.
1103 463 1215 499 Tunc
1238 464 1379 511 incipit

193 527 390 563 medicina
419 526 621 576 proficere,
642 526 709 562 ubi
738 529 779 562 in
809 538 970 574 corpore
999 524 1173 561 alienato
1201 523 1379 561 dolorem

194 594 323 625 tactus
362 591 566 638 expressit.
644 588 785 624 Dicam
829 590 951 624 etiam
989 589 1123 624 invitis
1161 585 1377 635 profutura.

196 651 422 700 Aliquando
451 650 581 700 aliqua
607 650 656 686 ad
686 663 752 686 vos
780 663 860 686 non
890 649 1035 685 blanda
1064 662 1139 685 vox
1166 650 1314 692 veniat,
1338 652 1381 683 et

195 716 286 762 quia
306 726 442 749 verum
463 712 607 762 singuli
627 712 764 748 audire
788 725 868 748 non
892 711 1024 756 vultis,
1045 711 1202 760 publice
1232 709 1379 746 audite.

128 780 177 816 20
198 775 287 821 Quo
322 788 445 824 usque
474 775 571 811 fines
601 777 891 823 possessionum
920 773 1216 823 propagabitis?
1274 773 1384 821 Ager

198 840 265 874 uni
291 837 464 882 domino,
488 840 557 886 qui
579 836 770 886 populum
796 838 916 885 cepit,
941 840 1132 884 angustus
1162 839 1232 871 est.
1291 832 1382 879 Quo

198 913 322 949 usque
349 902 544 936 arationes
570 898 745 935 vestras1
776 900 998 947 porrigetis,
1019 910 1070 933 ne
1097 898 1383 946 provinciarum
1424 942 1428 949 Ι

198 961 358 1010 quidem
389 961 542 1010 spatio2
572 963 753 996 contenti
787 959 1106 996 circumscribere
1136 957 1385 1008 praediorum
1428 969 1429 974 ¹

199 1023 391 1059 modum?
459 1022 689 1058 Inlustrium
730 1021 936 1058 fluminum
974 1034 1045 1070 per
1082 1023 1279 1070 privatum
1317 1019 1385 1055 de·
1427 1066 1428 1069 Ἴ

200 1098 334 1121 cursus
368 1090 429 1121 est
458 1090 500 1121 et
529 1097 664 1120 amnes
697 1086 832 1133 magni
860 1095 1172 1132 magnarumque
1203 1083 1385 1131 gentium
1424 1117 1430 1138 ἶ

201 1149 361 1183 termini
390 1159 513 1196 usque
541 1146 591 1182 ad
618 1148 761 1182 ostium
791 1159 813 1181 a
842 1145 954 1181 fonte
984 1147 1104 1182 vestri
1134 1148 1237 1181 sunt.
1298 1143 1387 1179 Hoc
1425 1148 1431 1166 ’-

201 1221 358 1258 quoque
401 1221 538 1257 parum
581 1212 655 1253 est,
693 1210 767 1243 nisi
815 1206 1035 1243 latifundiis
1082 1209 1221 1242 vestris
1267 1207 1388 1241 maria

202 1273 391 1315 cinxistis,
412 1272 486 1305 nisi
505 1275 614 1306 trans
636 1269 830 1305 Hadriam
853 1273 896 1305 et
921 1268 1076 1304 Ionium
1101 1269 1388 1316 Aegaeumque
1427 1256 1434 1311 :g

204 1337 333 1368 vester
367 1332 503 1367 vilicus
536 1336 692 1380 regnat,
721 1334 796 1367 nisi
816 1331 981 1376 insulae,
1011 1330 1157 1367 ducum
1191 1329 1390 1365 domicilia
1431 1323 1434 1343 ³

203 1406 449 1443 magnorum,
465 1396 570 1429 inter
585 1392 771 1429 vilissima
787 1405 917 1429 rerum
933 1397 1202 1428 numerantur.
1260 1390 1389 1436 Quam
1431 1420 1434 1422 .

204 1455 322 1492 vultis
345 1455 423 1491 late
445 1454 659 1504 possidete,
676 1457 726 1490 sit
746 1453 892 1490 fundus
909 1453 1014 1503 quod
1035 1453 1246 1503 aliquando
1266 1455 1390 1501 impe-

203 1520 304 1553 rium
339 1517 574 1560 vocabatur3
617 1516 736 1553 facite
775 1521 950 1553 vestrum
984 1515 1173 1565 quicquid
1211 1517 1390 1564 potestiS,

204 1578 300 1615 dum
319 1579 407 1628 plus
428 1582 477 1615 sit
498 1579 627 1615 alieni.

136 1651 181 1686 21
274 1640 389 1677 Nunc
427 1642 629 1677 vobiscum
667 1640 818 1690 loquor,
853 1653 1020 1690 quorum
1053 1652 1179 1689 aeque
1219 1641 1391 1688 spatiose

205 1703 358 1739 luxuria
395 1716 512 1752 quam
552 1702 709 1739 illorum
747 1704 910 1738 avaritia
949 1701 1194 1738 diffunditur.
1270 1700 1392 1736 Vobis
1424 1749 1428 1753 ⁴

306 1797 315 1816 ¹
341 1797 513 1829 arationes
533 1801 657 1829 vestras
672 1796 864 1833 Erasmus;
889 1807 908 1828 α
926 1795 1092 1835 rationi&
1114 1796 1232 1828 vvestris
1248 1795 1287 1829 B.

526 1840 539 1859 ²
561 1840 674 1882 spatio
691 1839 735 1872 de
751 1839 842 1878 Jan;
866 1839 1011 1872 statione
1029 1839 1067 1872 B.

260 1966 273 1979 ‘¹
299 1958 367 1990 For
404 1958 466 1991 the
504 1958 658 2000 thought
694 1969 859 2000 compare
899 1957 1091 1996 Petronius,
1127 1958 1199 1990 Sat.
1233 1960 1274 1989 48
1307 1969 1395 1990 nuno

209 2002 409 2043 coniunyere
425 2001 541 2043 apellis
559 2002 712 2034 Siciliam
732 2002 815 2038 volo,
836 2006 884 2036 ul.
904 2012 976 2033 eum
1000 2001 1165 2043 Africam
1181 2001 1315 2033 libuerit
1331 2002 1391 2038 ire,

205 2054 270 2085 per
287 2046 469 2085 meosfines
487 2045 648 2087 narc‘yem.

210 2099 286 2137 390
