1434 2333
371 97 486 134 THE
517 96 772 134 EPISTLES
803 96 874 134 OF
903 97 1115 135 SENECA

147 184 348 221 beneficiis
377 198 553 229 manum,
582 190 627 221 ut
656 187 884 234 non'saepe
917 184 1101 229 fallatur3
1139 186 1338 231 aberrent,

148 260 193 291 ut
208 254 421 304 aliquando
438 254 640 292 haereant.
702 255 794 292 Post
810 255 1060 305 naufragium
1074 259 1195 292 maria
1210 261 1291 293 tem
1295 269 1338 306 p-

148 329 294 362 tantur.
366 326 673 363 Faeneratorem
701 339 782 363 non
812 326 926 376 fugat
953 340 976 362 a
1007 326 1091 364 foro
1125 326 1338 364 decoct0r.¹

149 396 237 432 Cito
270 399 388 433 inerti
423 399 504 433 otio
533 399 614 433 vita
642 397 832 446 torpebit,
862 400 893 435 si
926 397 1233 448 relinquendum
1268 402 1342 442 est,

149 467 339 517 quicquid
359 467 550 511 offendit3
579 473 621 504 te
642 480 735 504 vero
755 468 1031 517 benigniorem
1052 468 1150 505 haec
1176 471 1261 517 ipsa
1280 480 1342 505 res

149 536 279 574 faciat.
339 537 442 574 Nam
477 540 587 574 cuius
620 541 676 575 rei
715 543 883 575 eventus
921 541 1095 576 incertus
1116 543 1190 583 est,
1224 538 1265 575 id
1298 543 1343 575 ut

109 609 131 646 3
150 608 364 658 aliquando
384 609 588 658 procedat,
610 622 727 659 saepe
751 610 1033 659 temptandum
1060 615 1132 647 est.
1191 609 1272 647 Sed
1292 609 1343 646 de

150 683 227 716 isto
261 682 354 716 satis
389 679 515 716 multa
548 683 589 716 in
624 683 669 716 iis
702 680 812 717 libris
851 681 973 718 locuti
1012 694 1158 727 sumus,
1192 684 1259 731 qui
1293 680 1344 718 de

151 750 354 787 beneficiis
375 750 655 787 inscribuntur.

222 820 328 857 Illud
356 823 482 870 magis
508 820 781 870 quaerendum
807 821 977 868 videtur,
999 822 1105 872 quod
1131 835 1211 858 non
1238 825 1346 868 satis,

154 896 199 928 ut
219 894 415 938 existimo,
437 891 679 941 explicatum
704 896 778 937 est,
799 905 849 928 an
869 895 914 938 is,
935 895 1002 942 qui
1016 892 1030 915 ‘2
1051 892 1200 942 profuit
1218 893 1346 939 nobis,

154 965 185 999 si
205 967 344 1011 postea
370 964 520 1007 nocuit,
540 964 647 1010 paria
673 960 814 998 fecerit
841 966 883 998 et
909 975 980 999 nos
1006 962 1144 999 debito
1174 962 1343 1000 solverit.

155 1033 296 1078 Adice,
312 1035 343 1068 si
364 1035 432 1077 vis,
449 1037 491 1069 et
511 1032 633 1068 illud:
664 1032 790 1069 multo
811 1032 898 1082 plus
919 1038 1057 1082 postea
1072 1036 1209 1070 nocuit
1229 1047 1347 1083 quam

113 1106 136 1141 4
154 1110 249 1141 ante
269 1103 482 1153 profuerat.
542 1102 583 1140 Si
598 1107 749 1140 rectam
770 1103 878 1139 illam
895 1103 1011 1153 rigidi
1032 1104 1171 1141 iudicis
1187 1110 1347 1142 senten—

155 1178 251 1211 tiam
284 1178 453 1224 quaeris,
481 1174 651 1211 alterum
685 1174 736 1210 ab
768 1174 894 1211 altero
927 1175 1106 1212 absolvet
1140 1181 1182 1213 et
1215 1176 1347 1213 dicet:

156 1245 383 1291 “Quamvis
412 1247 577 1281 iniuriae
612 1244 949 1293 praeponderent,
979 1251 1114 1283 tamen
1145 1246 1348 1284 benefieiis

155 1315 341 1361 donetur,
375 1314 482 1365 quod
516 1328 565 1351 ex
599 1317 739 1351 iniuria
773 1316 991 1365 superest.’'
1066 1316 1156 1353 Plus
1190 1320 1349 1360 nocuit3

157 1386 227 1423 sed
247 1386 377 1436 prius3
392 1385 550 1435 profuit.
603 1385 744 1435 Itaque
765 1385 959 1424 habeatur
975 1392 1017 1423 et
1033 1390 1221 1436 temporis
1237 1390 1347 1424 ratio.

115 1458 137 1495 5
160 1457 242 1493 Iam
262 1456 330 1493 illa
348 1456 619 1494 manifestiora
639 1461 744 1502 sunt,
765 1470 883 1506 quam
904 1463 948 1494 ut
974 1457 1178 1495 admoneri
1204 1458 1351 1496 debeas

158 1527 431 1577 quaerendum
473 1540 572 1572 esse,
611 1539 729 1577 quam
773 1527 947 1565 libenter
988 1528 1194 1578 profuerit,
1232 1542 1351 1579 quam

158 1602 305 1635 invitus
349 1601 543 1644 nocuerit,
582 1601 769 1648 quoniam
807 1602 939 1635 animo
985 1604 1026 1636 et
1073 1599 1266 1637 beneficia
1309 1604 1352 1637 et

159 1672 324 1706 iniuriae
354 1673 550 1706 constant.
610 1673 634 1689 “
654 1668 770 1705 Nolui
800 1669 1038 1706 beneficium
1067 1669 1184 1714 dare;
1224 1673 1350 1707 victus

213 1756 224 1775 1
249 1756 402 1788 decoctor
418 1755 592 1792 Muretus,
613 1756 740 1788 “from
756 1767 799 1788 an
823 1755 882 1788 old
904 1755 979 1789 MS.
997 1756 1037 1794 ”;
1062 1761 1184 1794 coctor,
1203 1761 1349 1794 coactor,

160 1804 284 1835 tortor,
303 1801 442 1831 various
459 1798 574 1831 hands
590 1799 631 1831 of
644 1799 745 1832 VPb.

212 1842 226 1862 2
250 1843 277 1874 2⁸3
293 1842 351 1884 qui
366 1842 454 1874 later
470 1841 573 1875 MSS.
591 1856 600 1879 ;
626 1843 662 1874 id
677 1843 768 1885 quod
783 1842 882 1875 VPb.

213 1886 225 1905 3
244 1886 347 1928 prius
364 1885 552 1917 Pincianus
567 1899 575 1922 ;
595 1886 677 1928 pius
693 1896 732 1918 or
742 1886 826 1928 plus
842 1884 945 1918 MSS.

213 1985 226 1998 ‘¹
252 1978 319 2010 See
335 1978 386 2010 De
402 1978 485 2010 Ben.
503 1980 521 2011 i.
547 1981 574 2010 l.
596 1981 614 2009 9
628 1978 651 2010 f.
673 1990 741 2010 non
754 1983 800 2010 est
816 1984 930 2011 autem
947 1981 1037 2021 qnod
1054 1980 1223 2012 tardiores
1235 1980 1351 2022 saciat

160 2022 207 2053 ad
223 2022 300 2053 bene
317 2022 514 2054 merendum
531 2022 632 2053 turba
650 2022 875 2064 inyratorum.

162 2078 240 2110 220
