1434 2333
416 132 532 168 THE
561 132 814 171 EPISTLES
844 133 915 171 OF
943 133 1153 172 SENECA

191 222 330 266 aperto
349 231 419 255 nos
440 224 579 256 natura
601 221 784 257 custodit.
844 221 915 258 Cui
944 225 1141 271 permittit
1164 223 1379 259 necessitas

193 309 272 341 sua,
287 300 576 347 circumspiciat
589 302 740 336 exitum
753 300 914 337 mollem
930 314 938 344 3
958 304 1021 338 cui
1033 301 1083 338 ad
1095 314 1255 338 manum
1268 299 1379 350 plura

193 380 298 420 sunt,
319 389 390 425 per
415 390 515 426 quae
543 391 627 415 sese
653 378 823 424 adserat,
843 382 874 415 is
901 379 1092 417 dilectum
1118 385 1211 430 agat
1238 384 1279 416 et
1304 392 1382 428 qua

194 456 442 502 potissimum
462 455 664 502 liberetur,
686 458 934 502 consideret3
965 461 1027 495 cui
1047 458 1212 495 difficilis
1233 460 1384 495 occasio

196 538 270 579 est,
299 537 330 570 is
365 539 581 584 proximam
615 550 813 587 quamque
848 551 917 586 pro
950 540 1100 586 optima
1131 540 1305 586 arripiat,
1334 539 1385 572 sit

196 612 291 648 licet
329 615 519 660 inaudita,
558 618 608 652 sit
645 629 756 652 nova.
836 617 924 653 Non
963 616 1092 654 deerit
1129 615 1179 652 ad
1215 620 1385 652 mortem

129 699 175 735 25
197 695 416 742 ingenium,
437 696 499 730 cui
519 707 600 730 non
626 694 800 731 defuerit
819 698 983 731 animus.
1042 694 1177 740 Vides,
1197 692 1387 743 quemad-

197 772 360 808 modum
387 778 563 809 extrema
591 786 748 823 quoque
774 777 983 823 mancipia,
1010 774 1077 810 ubi
1103 773 1179 810 illis
1207 771 1387 809 stimulos

197 850 334 900 adegit
368 851 490 897 dolor,
525 855 752 889 excitentur
789 858 829 889 et
868 855 1152 889 intentissimas
1192 850 1389 888 custodias

199 929 366 966 fallant?
425 930 499 967 Ille
530 934 586 967 vir
614 945 781 981 magnus
813 936 886 977 est,
913 934 980 981 qui
1010 936 1178 968 mortem
1207 930 1281 967 sibi
1309 943 1388 966 non

199 1012 356 1042 tantum
377 1009 598 1056 imperavit,
620 1008 689 1044 sed
709 1011 873 1045 invenit.

269 1082 329 1118 Ex
363 1082 503 1119 eodem
538 1084 612 1120 tibi
646 1097 812 1120 munere
850 1083 963 1132 plura
996 1081 1179 1131 exempla
1217 1081 1388 1131 promisi.

134 1162 181 1198 26
203 1157 386 1195 Secundo
429 1159 686 1196 naumachiae
730 1159 955 1209 spectaculo
1002 1171 1102 1195 unus
1150 1171 1171 1194 e
1219 1157 1391 1193 barbaris

202 1238 393 1283 lanceam,
410 1251 528 1288 quam
548 1241 589 1275 in
609 1239 848 1275 adversarios
868 1243 1089 1288 acceperat,
1109 1242 1236 1274 totam
1255 1236 1392 1286 iugulo

203 1329 272 1353 suo
306 1320 452 1354 mersit.
528 1321 552 1338 “
566 1317 712 1363 Quare,
746 1317 905 1367 quare,''
945 1319 1087 1366 inquit,
1121 1319 1145 1336 “
1158 1328 1237 1352 non
1275 1326 1392 1351 omne

204 1402 461 1442 tormentum,
509 1410 625 1433 omne
677 1396 891 1433 ludibrium
942 1394 1173 1432 iamdudum
1221 1393 1394 1442 effugio?

205 1475 338 1521 Quare
368 1488 443 1525 ego
463 1481 633 1512 mortem
662 1481 835 1512 armatus
861 1474 1093 1524 expecto?''
1162 1473 1291 1510 Tanto
1319 1471 1395 1508 hoc

138 1562 184 1598 27
206 1557 418 1603 speciosius
453 1554 724 1603 spectaculum
755 1553 844 1598 fuit,
875 1558 1024 1603 quanto
1058 1552 1264 1588 honestius
1298 1552 1395 1586 mori

206 1633 364 1669 discunt
385 1633 564 1670 homines
585 1646 701 1682 quam
723 1632 914 1669 occidere.

274 1708 381 1754 Quid
403 1710 525 1758 ergo?
582 1709 701 1755 Quod
726 1711 846 1745 animi
873 1708 1018 1757 perditi
1039 1707 1224 1756 quodque
1245 1707 1395 1741 noxiosi

207 1790 371 1835 habent,
401 1803 481 1825 non
512 1788 718 1825 habebunt
746 1788 816 1832 illi,
845 1800 942 1836 quos
970 1786 1156 1822 adversus
1186 1784 1256 1820 hos
1286 1796 1396 1820 casus

207 1872 395 1906 instruxit
415 1869 533 1918 longa
553 1868 761 1904 meditatio
782 1871 823 1904 et
849 1869 1035 1915 magistra
1062 1877 1190 1901 rerum
1219 1866 1394 1900 omnium

207 1950 334 1986 ratio?
393 1948 466 1984 Illa
486 1960 556 1983 nos
584 1947 702 1983 docet
722 1945 793 1981 fati
814 1948 938 1981 varios
960 1957 1044 1981 esse
1065 1957 1256 1989 accessus,
1276 1942 1395 1978 finem

209 2028 395 2072 eundem,
424 2027 522 2063 nihil
555 2032 690 2063 autem
723 2028 928 2070 interesse,
960 2023 1064 2060 unde
1096 2026 1259 2072 incipiat
1290 2020 1395 2071 quod

212 2096 262 2132 70
