1434 2333
386 122 501 159 THE
531 121 785 159 EPISTLES
816 122 887 159 OF
916 121 1126 159 SENECA

162 224 203 248 re
237 223 381 259 magna
419 209 627 246 deliberes.
688 209 777 246 Non
816 214 877 246 est
914 223 976 246 res
1014 223 1159 259 magna
1196 213 1351 253 vivere3

162 286 300 309 omnes
320 274 420 308 servi
442 275 500 308 tui
520 274 671 317 vivunt,
693 274 825 307 omnia
844 272 1052 315 animalia3
1080 285 1270 322 magnum
1291 277 1352 309 est

163 334 331 371 honeste
361 337 471 380 mori,
501 333 733 383 prudenter,
763 333 930 370 fortiter.
991 334 1142 383 Cogita,
1164 334 1352 384 quamdiu

162 400 239 433 iam
278 397 386 434 idem
425 396 566 434 facias:
615 397 737 442 cibus,
767 409 940 442 somnus,
970 396 1108 442 libido,
1137 409 1208 446 per
1245 396 1352 432 hunc

163 459 353 495 circulum
383 462 561 496 curritur.
622 458 724 495 Mori
754 458 856 495 velle
884 472 963 494 non
991 464 1149 496 tantum
1178 458 1353 509 prudens

163 527 232 559 aut
252 521 364 558 fortis
384 526 453 557 aut
473 524 604 567 miser,
625 524 746 557 etiam
766 521 992 558 fastidiosus
1013 521 1184 570 potest.'’

122 588 141 623 7
232 584 322 620 Non
356 597 453 632 opus
488 589 573 620 erat
607 596 763 620 suasore
798 583 868 628 illi,
898 583 968 620 sed
1000 583 1206 627 adiutore3
1253 585 1354 620 servi

163 658 300 695 parere
329 646 531 683 nolebant.
593 645 766 682 Primum
804 645 979 682 detraxit
1015 645 1093 682 illis
1126 650 1279 682 metum
1313 649 1355 681 et

164 708 353 745 indicavit
390 713 486 744 tunc
525 707 714 744 familiam
758 707 977 757 periculum
1017 708 1139 753 adire,
1168 721 1259 744 cum
1296 710 1356 743 in-

164 775 318 807 certum
357 775 476 816 esset,
514 783 565 806 311
602 783 705 806 111015
743 770 893 806 domini
932 769 1153 806 voluntaria
1191 769 1356 813 fuisset3

164 832 310 882 alioqui
349 837 431 869 tam
469 832 561 868 mali
597 831 770 881 exempli
806 845 891 868 esse
931 832 1111 869 occidere
1150 831 1355 868 dominum

122 896 144 930 ὃ
165 907 283 944 quam
318 894 538 944 prohibere.
599 893 759 930 Deinde
798 896 927 943 ipsum
969 894 1248 930 Marcellinum
1287 893 1356 929 ad-

165 960 321 994 monuit
354 970 435 994 non
468 969 554 994 esse
583 956 859 1002 inhumanum,
889 956 1225 1006 quemadmodum
1260 968 1357 993 cena

166 1024 326 1069 peracta
381 1019 571 1069 reliquiae
619 1019 965 1055 circumstantibus
1012 1018 1254 1064 dividantur,
1301 1020 1356 1054 sic

165 1086 326 1131 peracta
372 1084 453 1118 vita
499 1081 649 1131 aliquid
696 1084 841 1130 porrigi
888 1083 947 1126 iis,
986 1084 1053 1130 qui
1092 1084 1214 1117 totius
1252 1083 1356 1116 vitae

164 1146 335 1180 ministri
359 1143 538 1180 fuissent.
598 1144 694 1179 Erat
726 1143 982 1180 Marcellinus
1012 1143 1136 1179 facilis
1165 1145 1286 1179 animi
1316 1147 1357 1178 et

165 1206 352 1251 liberalis,
382 1208 503 1242 etiam
533 1219 622 1242 cum
652 1206 703 1242 de
733 1218 803 1241 suo
832 1205 956 1242 fieret.
1017 1205 1193 1242 Minutas
1222 1208 1356 1254 itaque

165 1268 380 1304 summulas
418 1267 621 1304 distribuit
663 1267 850 1304 flentibus
889 1270 1009 1304 servis
1049 1272 1090 1304 et
1128 1267 1214 1303 illos
1253 1267 1357 1303 ultro

125 1336 146 1373 9
167 1330 390 1366 consolatus
405 1335 475 1366 est.
537 1330 627 1365 Non
643 1329 719 1365 fuit
735 1329 792 1365 illi
808 1342 905 1378 opus
923 1328 1038 1374 ferro,
1055 1342 1134 1365 11011
1151 1332 1358 1378 sanguine3

167 1392 299 1428 triduo
332 1392 526 1428 abstinuit
560 1396 601 1428 et
635 1395 676 1427 in
709 1395 795 1440 ipso
829 1391 1010 1428 cubiculo
1044 1395 1137 1440 poni
1175 1392 1358 1428 taberna-

167 1455 299 1491 culum
336 1457 458 1491 iussit.
519 1454 670 1491 Solium
704 1453 851 1491 deinde
890 1453 1059 1490 inlatum
1098 1458 1172 1499 est,
1202 1456 1242 1489 in
1281 1466 1358 1503 quo

166 1516 234 1553 diu
264 1519 386 1553 iacuit
416 1521 458 1553 et
488 1516 600 1552 calda
621 1516 788 1552 subinde
810 1515 954 1552 suffusa
974 1515 1166 1564 paulatim
1197 1515 1359 1560 defecit,

167 1584 211 1616 ut
238 1579 382 1624 aiebat,
403 1592 483 1615 non
511 1581 595 1615 sine
622 1578 792 1628 quadam
820 1577 1039 1627 voluptate,
1060 1591 1178 1627 quam
1204 1577 1358 1614 adferre

167 1641 269 1678 solet
317 1641 417 1678 lenis
460 1641 666 1677 dissolutio
714 1654 794 1677 non
841 1643 1049 1689 inexperta
1097 1640 1222 1685 nobis,
1262 1652 1358 1689 quos

166 1703 379 1753 aliquando
400 1703 517 1753 liquit
536 1706 699 1739 animus.

219 1821 234 1835 ‘²
260 1814 328 1846 For
357 1815 427 1846 this
459 1815 625 1857 frequent
649 1814 843 1856 “banquet
870 1813 910 1845 of
938 1813 998 1844 life
1011 1812 1029 1824 ”
1053 1812 1165 1844 simile
1197 1823 1256 1844 see
1286 1812 1356 1854 Ep.

166 1859 280 1890 xcviii.
304 1860 341 1889 15
357 1858 428 1899 ipse
445 1858 533 1890 ritae
545 1858 668 1899 plenus
684 1862 742 1893 est,
761 1859 827 1890 etc.

220 1902 232 1920 ὁ
256 1900 303 1933 So
327 1901 405 1932 that
430 1901 491 1933 the
515 1904 628 1933 steam
652 1901 766 1942 might
790 1902 851 1932 not
879 1910 1016 1940 escape.
1074 1899 1153 1931 One
1176 1898 1298 1930 thinks
1322 1898 1363 1930 of

167 1944 331 1976 Seneca's
363 1944 430 1976 last
461 1943 588 1976 hours:
628 1944 710 1976 Tac.
745 1944 842 1975 Ann.
876 1953 931 1975 xv.
967 1945 1008 1973 64
1037 1947 1195 1984 ιςίαιᾳηιινηι
1228 1942 1359 1973 calidae

166 1998 273 2028 aquae
298 1988 431 2018 introiit
457 2013 463 2019 .
493 2014 498 2019 .
528 2013 534 2019 .
563 1987 638 2019 emin
663 1987 779 2018 balneo
805 1986 931 2018 inlatus
954 1990 983 2016 el
1011 1996 1133 2027 vapore
1157 1985 1226 2017 eius
1247 1985 1359 2016 emani-

165 2035 289 2062 malus.

173 2085 244 2121 1ῖὲ
