1434 2333
424 120 540 156 THE
570 120 822 157 EPISTLES
853 121 924 157 OF
953 121 1162 159 SENECA

200 210 385 257 quoniam
423 208 571 244 bonum
605 210 688 244 sine
726 212 879 246 ratione
912 210 1067 247 nullum
1101 216 1173 256 est,
1208 214 1387 261 sequitur

198 279 333 311 autem
354 277 453 311 ratio
472 279 665 310 naturam.

266 341 413 387 “Quid
426 347 487 378 est
500 354 594 391 ergo
610 341 773 378 ratio?'’
819 342 993 380 Naturae
1006 346 1185 382 imitatio.
1230 344 1386 389 “Quod

199 414 261 445 est
274 422 471 445 summum
484 409 654 445 hominis
666 409 815 445 bonum
829 410 843 445 ?
859 409 879 421 ''
929 410 989 446 Ex
1001 416 1165 448 naturae
1179 412 1385 449 voluntate

128 470 179 506 40
199 489 239 512 se
260 489 410 526 gerere.
469 480 493 497 “
508 476 597 512 Non
618 481 678 513 est
693 476 714 487 '’
736 479 867 526 inquit
887 481 911 498 “
925 477 1102 523 dubium,
1118 482 1214 528 quin
1234 478 1387 516 felicior

197 556 272 592 pax
312 547 363 581 sit
409 557 624 593 numquam
667 543 848 580 lacessita
885 558 1002 594 quam
1040 546 1168 582 multo
1205 551 1386 595 reparata

196 615 400 661 sanguine.
474 612 563 647 Non
593 616 654 648 est
683 611 881 648 dubium’⁷
913 615 1043 662 inquit
1073 615 1206 662 “quin
1235 612 1386 650 felicior

196 693 257 717 res
277 683 328 717 sit
351 683 582 716 inconcussa
602 679 789 716 valetudo
815 693 934 729 quam
960 693 1009 716 ex
1035 681 1217 729 gravibus
1238 682 1384 717 morbis

196 752 237 784 et
276 753 453 784 extrema
491 747 769 783 minitantibus
806 750 847 782 in
887 752 1019 783 tutum
1057 750 1094 783 vi
1132 748 1302 797 quadam
1341 754 1383 785 et

193 818 388 863 patientia
422 815 575 851 educta.
649 813 800 850 Eodem
834 814 951 850 modo
985 828 1065 850 non
1099 818 1173 851 erit
1204 815 1382 858 dubium,

193 885 289 931 quin
310 885 435 918 maius
454 882 603 918 bonum
624 884 674 917 sit
694 881 884 930 gaudium
904 894 1021 931 quam
1042 882 1209 918 obnixus
1229 885 1382 919 animus

193 950 244 986 ad
281 949 564 999 perpetiendos
602 951 797 984 cruciatus
835 948 1044 985 vulnerum
1081 954 1150 985 aut
1190 946 1379 998 ignium.‘'

125 1014 176 1051 41·
196 1017 372 1054 Minime.
434 1017 505 1052 Illa
541 1018 657 1061 enim,
694 1028 795 1064 quae
829 1015 991 1052 fortuita
1030 1021 1135 1061 sunt,
1170 1016 1382 1065 plurimum

193 1085 428 1121 discriminis
474 1086 696 1132 recipiunt;
743 1085 1004 1119 aestimantur
1050 1086 1157 1119 enim
1205 1083 1381 1121 utilitate

192 1155 446 1189 sumentium.
506 1151 704 1187 Bonorum
743 1163 866 1186 unum
907 1153 1151 1200 propositum
1190 1155 1249 1187 est
1289 1164 1381 1187 con-

193 1223 341 1256 sentire
375 1224 564 1261 naturae;
608 1217 682 1253 hoc
715 1220 755 1253 in
790 1218 996 1254 omnibus1
1037 1231 1106 1266 par
1140 1223 1211 1254 est.
1283 1218 1379 1255 Cum

191 1287 354 1323 alicuius
383 1290 423 1322 in
454 1291 593 1322 senatu
625 1288 867 1321 sententiani
897 1288 1110 1334 sequimur,
1137 1298 1216 1321 non
1246 1291 1379 1334 potest

191 1354 292 1391 dici:
322 1354 390 1390 ille
416 1357 541 1402 magis
564 1353 788 1389 adsentitur
808 1365 925 1401 quam
946 1352 1038 1395 ille;
1067 1352 1116 1388 ab
1137 1353 1319 1389 omnibus
1340 1356 1379 1388 in

191 1422 359 1459 eandem
387 1423 629 1458 sententiam
658 1423 747 1456 itur.
808 1419 922 1455 Idem
951 1419 1001 1455 de
1029 1420 1240 1456 virtutibus
1267 1419 1380 1456 dico:

190 1503 327 1526 omnes
355 1493 520 1525 naturae
549 1487 839 1523 adsentiuntur.
905 1485 1019 1522 Idem
1048 1486 1098 1523 de
1127 1487 1240 1523 bonis
1267 1487 1378 1524 dico:

120 1553 168 1588 42
190 1560 320 1593 omnia
371 1560 537 1591 naturae
593 1553 882 1590 adsentiuntur.
974 1553 1090 1588 Alter
1145 1553 1379 1591 adulescens

189 1624 374 1668 decessit,
398 1623 500 1659 alter
528 1634 663 1666 senex,
693 1620 832 1669 aliquis
860 1624 1018 1669 praeter
1044 1619 1114 1656 hos
1142 1620 1284 1665 infans,
1315 1625 1378 1657 cui

187 1691 288 1728 nihil
304 1691 471 1740 amplius
485 1691 655 1738 contigit
670 1701 787 1737 quam
805 1689 1028 1736 prospicere
1043 1689 1175 1724 vitam.
1227 1688 1377 1725 Omnes

188 1760 228 1796 hi
244 1757 497 1808 aequefuere
514 1755 712 1799 mortales,
729 1757 851 1791 etiam
870 1757 901 1790 si
920 1766 1024 1790 mors
1039 1753 1205 1790 aliorum
1221 1754 1376 1804 longius

241 1844 251 1862 ¹
276 1844 336 1875 hoc
361 1842 395 1873 in
420 1841 573 1873 omnibns
597 1839 781 1874 Muretus;
809 1838 869 1869 hoc
891 1837 1019 1869 contire
1041 1838 1248 1880 (continqere
1272 1838 1376 1880 VPb)

189 1887 222 1918 in
239 1886 392 1919 omnibus
408 1895 430 1927 p
445 1898 453 1921 ;
477 1883 662 1916 consentire
679 1881 832 1914 omnibus
848 1880 980 1912 Haase.

238 1995 252 2009 α
277 1988 438 2019 Another
475 1985 670 2020 definition,
703 1983 913 2024 developing
950 1982 1086 2014 further
1124 1983 1184 2014 the
1222 1983 1375 2025 thought

185 2030 376 2073 expressed
392 2032 426 2061 in
444 2033 460 2068 ξ
480 2031 527 2060 12.

186 2082 236 2119 26
