1434 2333
102 465 144 501 11

399 114 513 150 THE
544 110 799 149 EPISTLES
830 110 901 147 OF
931 110 1142 147 SENECA

172 205 299 239 monti
314 214 323 244 ;
351 204 528 237 omnium
544 203 708 237 istarum
724 202 959 244 civitatium,
975 211 1072 248 quas
1088 211 1194 235 nunc
1210 201 1361 248 magni-

173 268 262 304 ficas
281 280 326 303 ac
347 266 500 303 nobiles
520 266 645 311 audis,
662 267 830 314 vestigia
850 277 1008 314 quoque
1030 269 1188 313 tempus
1209 264 1358 301 eradet.

174 333 261 368 Non
291 332 414 377 vides,
444 330 781 381 quemadmodum
811 333 851 366 in
882 329 1031 366 Achaia
1060 330 1361 366 clarissimarum

171 398 324 434 urbium
342 400 417 433 iam
435 396 697 433 fundamenta
713 400 948 444 consumpta
964 398 1044 431 sint
1059 408 1134 432 nec
1150 398 1361 445 quicquam

169 467 294 508 extet,
329 475 378 498 ex
411 462 515 511 quol
550 466 739 510 appareat
777 461 864 498 illas
898 461 1029 497 saltim
1064 460 1213 498 fuisse?
1270 461 1361 496 Non

167 533 325 564 tantum
359 541 477 563 manu
512 527 617 564 facta
651 527 851 572 labuntur,
884 540 959 564 nec
994 531 1152 563 tantum
1189 526 1362 563 humana

166 598 251 629 arte
272 598 393 642 atque
414 592 609 629 industria
630 595 758 641 posita
775 595 895 629 vertit
916 592 1026 636 dies3
1056 595 1148 641 iuga
1164 594 1360 628 montium

167 657 362 703 diffluunt,
383 663 491 695 totae
513 658 706 694 desedere
731 661 928 707 regiones,
948 662 1088 707 operta
1114 662 1208 694 sunt
1233 656 1360 693 flucti-

166 724 238 759 bus
268 736 368 773 quae
398 724 533 772 procul
565 737 588 759 a
616 729 833 772 conspectu
863 726 980 759 maris
1009 723 1179 759 stabant.
1239 722 1359 759 Vasta

166 788 251 824 vis‘2
288 791 442 837 ignium
481 788 616 834 colles,
655 800 727 837 per
764 801 862 837 quos
901 788 1120 833 relucebat,
1159 790 1279 824 erosit
1318 793 1360 825 et

165 854 364 902 quondam
394 853 604 890 altissimos
634 856 816 899 vertices,
837 853 980 890 solacia
1009 855 1284 902 navigantium
1314 866 1358 889 ac

164 919 356 967 speculas,
386 919 436 954 ad
466 918 615 955 humile
646 918 824 955 deduxit.
886 918 1014 967 Ipsius
1044 923 1210 954 naturae
1240 931 1359 967 opera

164 989 358 1021 vexantur
379 989 419 1020 et
440 983 530 1019 ideo
550 996 677 1033 aequo
701 986 832 1019 animo
856 983 959 1020 ferre
985 983 1177 1020 debemus
1202 983 1357 1020 urbium

165 1050 327 1086 excidia.
388 1049 556 1085 Casurae
582 1049 720 1085 stant.3
778 1048 930 1086 Omnes
960 1048 1024 1085 hie
1048 1051 1178 1085 exitus
1207 1054 1357 1094 manet,

164 1118 244 1151 sive
287 1118 444 1151 interna
488 1117 544 1150 vis
589 1113 784 1163 flatusque
832 1113 1038 1163 praeclusa
1086 1117 1146 1150 via
1193 1114 1357 1151 violenti

164 1179 347 1229 pondus,4
370 1180 442 1215 sub
472 1193 549 1228 quo
579 1184 784 1225 tenentur,
809 1182 1069 1225 excusserint,
1094 1182 1175 1216 sive
1204 1185 1357 1216 torren-

163 1248 264 1281 tium
292 1245 493 1293 impetus5
517 1247 557 1279 in
582 1243 719 1280 abdito
744 1246 890 1280 vastior
916 1245 1116 1280 obstantia
1142 1244 1357 1293 effregerit,

163 1314 244 1347 sive
278 1310 521 1346 flammarum
560 1309 749 1345 violentia
783 1312 1047 1358 conpaginem
1082 1309 1153 1345 soli
1191 1313 1356 1358 ruperit,

162 1379 243 1412 sive
273 1380 463 1420 vetustas,
488 1388 510 1410 a
539 1374 644 1424 qua⁶
673 1373 773 1410 nihil
803 1379 937 1411 tutum
967 1379 1041 1419 est,
1067 1378 1357 1424 expugnaverit

163 1443 405 1485 minutatim,
434 1443 514 1476 sive
549 1442 720 1489 gravitas
755 1439 854 1475 caeli
890 1442 1082 1488 egesserit
1116 1440 1282 1489 populos
1314 1446 1356 1478 et

162 1510 259 1543 situs
283 1506 441 1543 deserta
461 1508 690 1554 corruperit.
750 1504 993 1541 Enumerare
1020 1518 1157 1542 omnes
1184 1505 1355 1542 fatorum

162 1575 241 1608 vias
266 1572 429 1620 longum
451 1576 522 1607 est.
583 1569 672 1605 Hoc
695 1582 817 1605 unum
838 1572 941 1605 scio:
975 1573 1108 1606 omnia
1127 1571 1353 1607 mortalium

497 1657 503 1675 ¹
529 1667 593 1698 quo
610 1656 699 1687 later
716 1654 819 1687 MSS.
838 1665 846 1692 ;
869 1666 937 1698 qua
956 1655 1030 1688 BA.

444 1700 456 1718 '-'
479 1704 574 1731 rasta
592 1699 642 1731 ris
659 1698 806 1739 Haupt3
830 1699 975 1731 vastae-it
995 1698 1070 1731 BA.

341 1744 353 1763 ³
377 1754 516 1775 casurae
532 1747 625 1774 stant
643 1741 790 1783 Haupt;
814 1753 935 1773 casura
953 1746 1084 1774 astant
1103 1742 1178 1774 BA.

214 1788 225 1806 ⁴
249 1787 315 1819 sive
340 1813 346 1819 .
377 1812 383 1818 .
412 1812 418 1818 .
444 1787 581 1828 pondus
598 1785 646 1818 H.
664 1784 819 1821 Mueck;
843 1785 910 1816 sire
935 1811 941 1817 .
972 1811 978 1817 .
1008 1811 1015 1818 .
1040 1786 1197 1827 preclusa
1218 1786 1354 1818 violenti

158 1832 297 1872 pondus
316 1829 417 1862 MSS.

454 1872 466 1891 ⁵
488 1872 634 1914 ‘impetus
649 1871 767 1903 added
784 1872 832 1913 by
851 1871 1056 1904 Buecheler.

459 1915 472 1934 θ
495 1926 515 1947 α
532 1926 597 1957 qna
616 1915 785 1947 Erasmus
801 1928 809 1952 ;
833 1915 871 1946 in
886 1925 954 1957 qua
973 1914 1047 1947 BA.

383 2040 396 2052 ¹²
423 2032 491 2064 For
507 2032 679 2073 example,
699 2031 874 2073 Mycenae
891 2031 962 2063 and
980 2030 1118 2073 Tiryns.

163 2090 238 2121 438
