1434 2333
413 107 528 143 THE
559 107 812 145 EPISTLES
843 108 913 145 OF
942 109 1151 146 SENECA

189 196 345 230 corruit.
391 194 591 231 Adversus
605 195 675 231 hos
691 209 802 232 casus
818 197 1022 233 muniendi
1039 210 1182 234 sumus.
1233 197 1375 234 Nullus

189 267 324 298 autem
358 268 494 299 contra
531 264 731 301 fortunam
769 266 1087 316 inexpugnabilis
1125 280 1257 303 murus
1292 272 1376 310 est;

189 335 296 369 intus
316 336 565 371 instruamur.
626 335 666 372 Si
686 336 753 372 illa
779 349 867 385 pars
891 342 978 373 tuta
999 342 1071 382 est,
1094 337 1238 386 pulsari
1259 337 1376 374 homo

189 408 336 452 potest,
357 408 442 454 capi
463 418 542 442 non
564 411 707 455 potest.

120 478 170 514 20
257 475 375 521 Quod
422 480 473 514 sit
519 477 593 514 hoc
640 481 963 523 instrumentum,
1002 481 1099 514 scire
1146 478 1375 515 desideras?

192 546 300 582 Nihil
338 547 570 596 indignetur
616 548 687 584 sibi
734 548 914 584 accidere
961 551 1138 597 sciatque
1176 548 1243 584 illa
1279 551 1376 597 ipsa,

188 617 330 666 quibus
364 617 468 654 laedi
507 618 675 663 videtur,
709 618 759 654 ad
798 618 1164 654 conservationeml
1204 621 1375 654 universi

188 690 388 736 pertinere
410 693 452 724 et
478 701 526 724 ex
546 691 592 724 iis
613 701 710 733 esse,
731 701 832 737 quae
853 701 1009 724 cursum
1030 687 1167 724 mundi
1189 688 1375 724 officium-

189 770 266 806 que
304 764 590 795 consummant.
670 758 828 795 Placeat
870 757 1034 803 homini,
1072 757 1259 807 quicquid
1298 757 1375 794 deo

188 828 355 878 placuit3
385 828 435 864 ob
463 828 536 864 hoc
557 831 685 877 ipsum
706 841 747 864 se
761 828 775 851 2
796 841 943 877 suaque
962 831 1141 873 miretur,
1162 827 1267 877 quod
1294 840 1374 863 non

188 904 322 947 potest
359 901 476 943 vinci,
515 898 620 947 quod
659 897 761 934 mala
799 900 882 946 ipsa
917 899 988 934 sub
1027 911 1068 934 se
1106 902 1234 942 tenet,
1267 897 1374 946 quod

187 971 352 1014 ratione,
382 982 459 1018 qua
488 968 682 1004 valentius
716 967 815 1003 nihil
849 973 922 1013 est,
953 981 1085 1004 casum
1118 967 1373 1017 doloremque

119 1040 163 1075 21
188 1044 229 1076 et
244 1042 426 1075 iniuriam
442 1039 599 1087 subigit.
660 1038 762 1074 Ama
776 1038 993 1074 rationem!
1053 1038 1183 1074 Huius
1205 1043 1246 1074 te
1267 1051 1374 1073 amor

187 1115 324 1147 contra
349 1110 555 1146 durissima
575 1109 752 1145 armabit.
813 1108 929 1144 Feras
956 1108 1174 1144 catulorum
1199 1121 1307 1144 amor
1333 1111 1373 1143 in

187 1180 381 1218 venabula
410 1182 583 1229 inpingit
613 1179 826 1228 feritasque
856 1184 897 1215 et
926 1179 1172 1215 inconsultus
1201 1181 1373 1227 impetus

187 1257 361 1302 praestat
394 1251 630 1294 indomitas3
667 1249 853 1286 iuvenilia
886 1262 1184 1298 nonnumquam
1213 1251 1373 1298 ingenia

186 1322 328 1372 cupido
349 1321 495 1371 gloriae
516 1324 557 1357 in
577 1324 852 1368 contemptum
872 1324 953 1355 tam
969 1319 1061 1356 ferri
1082 1332 1199 1368 quam
1220 1321 1372 1368 ignium

185 1396 316 1436 misit3
364 1394 514 1441 species
561 1390 751 1440 quosdam
789 1395 910 1439 atque
957 1390 1094 1425 umbra
1136 1392 1293 1425 virtutis
1330 1392 1371 1425 in

184 1471 354 1502 mortem
392 1465 652 1501 voluntariam
691 1462 827 1499 trudit.
890 1462 1052 1508 Quanto
1090 1461 1151 1498 his
1189 1462 1371 1498 omnibus

185 1537 323 1573 fortior
363 1538 463 1572 ratio
506 1539 580 1579 est,
618 1538 767 1582 quanto
806 1535 1062 1577 constantior,
1100 1537 1214 1568 tanto
1251 1531 1371 1568 vehe-

185 1610 357 1644 mentius
378 1618 448 1655 per
467 1610 597 1641 metus
618 1607 721 1653 ipsos
742 1609 784 1640 et
803 1603 978 1652 pericula
998 1603 1132 1639 exibit.

115 1682 164 1717 22
252 1682 276 1698 “
290 1676 399 1713 Nihil
420 1674 574 1724 agitis,”
597 1676 739 1723 inquit,
760 1672 903 1722 “quod
929 1675 1084 1722 negatis
1111 1672 1264 1708 ullum³
1284 1684 1369 1708 esse

183 1747 292 1784 aliud
324 1747 494 1783 honesto
523 1746 694 1787 bonum;
723 1757 802 1780 non
832 1742 951 1779 faciet
980 1755 1044 1778 vos
1074 1742 1171 1778 haec
1200 1744 1369 1778 munitio

185 1824 292 1855 tutos
312 1831 334 1853 a
354 1817 512 1853 fortuna
532 1820 573 1852 et
593 1818 785 1850 inmunes.
846 1812 988 1848 Dicitis
1009 1815 1115 1849 enim
1135 1815 1240 1848 inter
1266 1812 1369 1848 bona

277 1922 286 1940 ¹
312 1919 596 1952 conservationem
612 1917 700 1948 later
717 1914 818 1948 MSS.
837 1928 845 1951 ;
869 1914 1154 1946 conversationem
1175 1913 1270 1946 VPb.

539 1961 552 1980 2
574 1972 606 1992 se
621 1959 738 1991 added
754 1959 802 2000 by
819 1957 883 1990 Ed.
905 1957 1007 1989 Rom.

434 2005 446 2024 3
469 2005 579 2036 ullum
594 2004 682 2035 later
698 2001 799 2034 MSS.
818 2014 827 2038 ς
848 2012 956 2033 unum
972 1999 1071 2033 VPb.

187 2058 262 2097 126
