1434 2333
418 116 533 173 THE
563 115 817 152 EPISTLES
848 116 918 153 OF
948 116 1158 154 SENECA

193 215 292 248 sum,
331 206 508 252 quamvis
550 203 650 239 nihil
691 207 732 240 in
769 217 903 241 meum
941 204 1158 242 honorem1
1196 205 1383 254 discripta

151 266 172 302 7
193 264 282 297 sint.
343 262 474 299 Stulta
511 265 673 298 avaritia
711 263 935 299 mortalium
973 266 1259 312 possessionem
1296 277 1383 313 pro-

194 323 487 370 prietatemque
521 321 710 358 discernit
748 335 822 358 nec
861 325 1071 371 quicquam
1106 336 1219 359 suum
1257 322 1384 359 credit

194 391 292 424 esse,
308 380 416 429 quod
436 380 639 429 publicum
656 385 726 417 est.
778 381 833 417 At
853 381 919 417 ille
941 384 1096 430 sapiens
1116 381 1213 417 nihil
1235 381 1384 418 iudicat

194 451 308 474 suurn
328 442 452 488 magis
476 452 593 488 quam
615 442 723 475 cuius
744 439 801 475 illi
822 453 911 476 cum
931 439 1104 476 humano
1125 453 1272 490 genere
1293 453 1385 477 con-

195 500 358 534 sortium
392 503 462 535 est.
531 498 617 534 Nec
651 501 756 534 enim
791 503 924 535 essent
958 501 1014 535 ita
1047 502 1282 545 communia,
1311 501 1387 535 nisi

194 569 282 605 pars
316 556 471 593 illorum
505 560 726 606 pertineret
759 557 809 593 ad
844 557 1042 607 singulos3
1086 561 1234 594 socium
1268 558 1385 594 efficit

152 620 174 656 8
195 619 316 653 etiam
331 616 438 665 quod
459 629 507 652 ex
522 619 684 652 minima
704 619 885 665 portione
906 629 1116 653 commune
1137 622 1208 653 est.
1259 616 1385 653 Adice

194 688 314 721 nunc,
340 675 447 724 quod
473 688 618 724 magna
645 680 687 711 et
713 688 804 712 vera
831 676 933 711 bona
952 689 1033 711 non
1060 678 1114 712 sic
1141 675 1385 721 dividuntur,

195 739 239 770 ut
277 737 465 783 exiguum
504 737 544 770 in
583 734 758 783 singulos
791 734 930 778 cadat3
973 734 1023 771 ad
1061 748 1384 784 unumquemque

193 798 280 829 tota
294 796 543 842 perveniunt.
590 793 649 828 Ex
663 796 861 842 congiario
874 798 1031 830 tantum
1043 793 1179 830 ferunt
1192 793 1386 840 homines,

194 857 388 901 quantum
435 855 476 887 in
524 855 654 900 capita
700 855 934 900 promissum
976 857 1047 889 est.
1123 852 1297 901 Epulum
1344 857 1386 889 et

194 913 400 948 visceratio
427 915 468 946 et
496 910 712 959 quicquid2
740 911 848 946 aliud
877 924 995 947 manu
1025 914 1190 960 capitur,
1217 911 1387 948 discedit

194 973 235 1006 in
261 975 402 1019 partes.
464 970 519 1005 At
546 969 644 1006 haec
670 969 873 1006 individua
899 970 1015 1015 bona,
1042 983 1118 1019 pax
1145 975 1186 1007 et
1210 970 1386 1016 libertas,

195 1035 236 1066 et
249 1030 264 1052 3
284 1034 366 1065 tam
387 1031 562 1064 omnium
583 1033 668 1064 tota
688 1042 806 1078 quam
827 1029 1071 1078 singulorum
1091 1034 1192 1065 sunt.

153 1100 175 1137 9
264 1088 422 1137 Cogitat
455 1091 603 1136 itaque,
633 1101 704 1136 per
731 1100 850 1136 quem
885 1088 956 1124 sibi
990 1087 1130 1124 horum
1160 1101 1250 1124 usus
1284 1087 1386 1124 fruc-

197 1152 339 1196 tusque
367 1150 587 1195 contingat,
614 1160 684 1195 per
710 1160 829 1195 quem
854 1160 934 1182 non
961 1147 1011 1183 ad
1039 1160 1146 1183 arma
1171 1147 1285 1182 illum
1312 1160 1386 1183 nec

195 1207 247 1243 ad
273 1206 481 1243 servandas
502 1206 654 1255 vigilias
674 1219 748 1242 nec
769 1205 819 1242 ad
844 1206 995 1242 tuenda
1014 1209 1170 1242 moenia
1191 1211 1233 1242 et
1252 1206 1387 1242 multi-

196 1266 288 1315 plex
314 1265 411 1301 belli
437 1265 629 1301 tributum
659 1265 817 1313 publica
840 1268 1054 1301 necessitas
1075 1270 1202 1310 vocet,
1222 1268 1386 1314 agitque

195 1325 451 1374 gubernatori
494 1337 564 1360 suo
606 1327 762 1373 gratias.
841 1324 929 1360 Hoc
972 1324 1091 1360 docet
1137 1323 1386 1373 philosophia

197 1386 421 1433 praecipue,
464 1384 567 1419 bene
610 1382 785 1419 debere4
827 1382 1030 1428 beneficia,
1068 1383 1172 1419 bene
1211 1382 1385 1427 solvere3

129 1445 177 1481 10
195 1442 397 1479 interdum
425 1447 560 1478 autem
587 1441 729 1478 solutio
755 1447 817 1478 est
842 1444 925 1490 ipsa
952 1441 1154 1479 confessio.
1215 1442 1385 1479 Confite-

196 1503 302 1538 bitur
323 1514 417 1550 ergo
433 1501 603 1537 multum
624 1514 665 1537 se
681 1501 828 1537 debere
850 1503 899 1545 ei,
915 1503 1024 1537 cuius
1044 1500 1386 1538 administratione

196 1575 240 1598 ac
256 1560 505 1610 providentia
521 1562 718 1609 contingit
738 1560 793 1596 illi
815 1562 963 1608 pingue
979 1563 1103 1596 otium
1125 1565 1166 1596 et
1181 1560 1385 1597 arbitrium

227 1648 236 1666 ¹
262 1646 386 1679 Hense
399 1648 565 1687 suggests
576 1645 637 1677 the
651 1645 849 1687 possibility
862 1646 902 1694 οξ
912 1650 1066 1694 tempora
1080 1645 1171 1677 after
1187 1646 1356 1678 honorem.

317 1689 331 1708 2
353 1694 383 1721 et
399 1690 558 1751 quiequssid
566 1687 808 1764 Ῐ1εἰὲεέἑτλξῗ58ὲ;
820 1689 973 1764 ’ρὲιίιιᾶῑξῗέ
985 1689 1144 1730 quecquid
1160 1688 1259 1721 VPb.

465 1776 477 1794 ⁴
501 1745 614 1807 sugere
631 1750 718 1806 latei·
735 1756 837 1807 MS'S'.
854 1756 866 1811 ς’
888 1757 1005 1807 dedere
1023 1774 1121 1807 VPb.

250 1852 265 1865 <2
290 1845 358 1876 For
381 1844 451 1876 this
475 1843 587 1885 figure
610 1844 652 1885 cf.
674 1843 742 1885 Ep.
766 1843 859 1875 lxxii.
886 1846 902 1874 7
925 1842 995 1874 and
1015 1845 1120 1879 note;
1145 1853 1203 1874 see
1227 1843 1301 1875 also
1324 1843 1385 1875 the

199 1888 330 1921 similar
353 1888 528 1929 language
552 1886 591 1918 of
611 1887 762 1918 lxxxviii.
789 1888 828 1917 1⁶2
851 1886 918 1924 hoc,
945 1887 1036 1928 quod
1058 1890 1158 1923 tenes,
1176 1887 1267 1929 quod
1290 1891 1386 1918 tuum

199 1932 294 1967 dieis,
310 1931 486 1973 publicum
502 1934 548 1962 est
565 1934 594 1962 et
611 1930 744 1972 quidem
757 1929 890 1971 yeneris
906 1929 1057 1961 humani.

251 1976 263 1994 ὂ
288 1974 426 2015 During
442 1975 575 2005 certain
593 1972 764 2008 festivals,
782 1972 894 2004 either
910 1971 1047 2004 cooked
1062 1983 1101 2004 or
1117 1983 1188 2004 raw
1204 1976 1299 2005 meat
1314 1984 1386 2005 was

199 2017 410 2049 distributed
426 2027 557 2058 among
572 2016 633 2048 the
650 2015 784 2057 people.

203 2074 275 2107 108
