1434 2333
401 112 516 148 THE
546 112 798 149 EPISTLES
829 112 900 149 OF
929 112 1139 150 SENECA

176 205 334 249 tempus
364 203 457 237 satis
484 214 673 248 magnum
700 205 773 245 est,
795 204 915 237 etiam
936 204 967 238 si
993 215 1016 237 a
1042 203 1211 250 pueritia
1238 213 1360 250 usque

175 265 225 301 ad
245 265 493 313 longissimos
512 265 675 301 humani
695 268 785 318 aevi
805 269 994 303 terminos
1014 269 1095 302 vita
1121 266 1359 315 producitur.

178 329 269 365 Non
295 329 466 366 multum
492 329 628 375 refert,
649 335 783 368 utrum
810 334 969 368 omittas
996 331 1285 380 philosophiam
1310 344 1361 367 an

176 397 417 432 intermittas
435 407 443 439 ;
473 409 553 432 non
574 399 680 432 enim
700 396 767 432 ubi
787 399 1010 445 interrupta
1030 401 1104 442 est,
1123 400 1271 441 manet,
1293 394 1363 431 sed

177 472 311 496 eorum
337 473 459 506 more,
480 474 581 510 quae
606 464 765 497 intenta
791 461 1003 507 dissiliunt,
1023 474 1147 511 usque
1174 461 1224 497 ad
1250 462 1363 496 initia

176 538 245 561 sua
274 528 452 571 recurrit,
473 525 579 575 quod
608 539 630 561 a
656 529 955 562 continuatione
985 526 1175 563 discessit.
1237 525 1364 561 Resis-

175 589 344 626 tendum
365 595 426 627 est
446 591 783 640 occupationibus,
799 604 873 627 nec
894 591 1165 640 explicandae,
1185 590 1256 627 sed
1276 590 1365 626 sub-

175 654 393 691 movendae
415 660 518 691 sunt.
578 655 752 704 Tempus
777 655 939 705 quidem
966 656 1119 692 nullum
1146 668 1283 705 parum
1304 659 1366 691 est

174 718 364 755 idoneum
393 720 524 756 studio
554 720 738 763 salutari3
772 723 883 770 atqui
912 721 1027 757 multi
1056 723 1162 757 inter
1190 720 1257 756 illa
1285 732 1366 755 non

133 783 354 829 4student,
393 789 555 833 propter
596 798 696 834 quae
736 785 980 822 studendum
1019 790 1089 822 est.
1167 784 1366 821 “Incidet

175 848 338 898 aliquid,
367 849 472 898 quod
507 849 723 898 inpediat.’‘
799 850 888 886 Non
921 850 1082 900 quidem
1118 863 1222 894 eum,
1256 852 1365 886 cuius

175 916 328 949 animus
367 916 407 949 in
445 917 552 950 omni
590 917 753 964 negotio
790 914 919 950 laetus
956 920 1077 964 atque
1115 914 1243 951 alacer
1281 919 1365 958 est3

174 977 406 1028 inperfectis
421 979 551 1015 adhuc
568 979 869 1016 interscinditur
884 980 1050 1025 laetitia,
1068 982 1257 1029 sapientis
1274 992 1365 1016 vero

175 1046 402 1080 contexitur
446 1044 647 1093 gaudium,
690 1044 801 1080 nulla
845 1058 960 1081 causa
1004 1047 1212 1094 rumpitur,
1257 1044 1366 1080 nulla

175 1107 346 1153 fortuna,
381 1122 537 1158 semper
571 1114 613 1145 et
650 1109 797 1158 ubique
836 1109 1096 1159 tranquillus1
1133 1114 1203 1146 est.
1275 1109 1365 1145 Non

176 1176 282 1209 enim
322 1186 370 1210 ex
408 1173 536 1209 alieno
575 1173 727 1222 pendet
765 1187 839 1211 nec
874 1173 1047 1211 favorem
1082 1174 1263 1211 fortunae
1297 1179 1366 1211 aut

175 1237 345 1275 hominis
362 1244 560 1288 expectat.
622 1239 849 1275 Domestica
864 1239 923 1275 illi
939 1238 1107 1276 felicitas
1124 1244 1183 1276 est
1199 1252 1208 1283 3
1239 1242 1366 1276 exiret

133 1308 155 1343 5
176 1316 224 1339 ex
253 1306 397 1348 animo,
427 1307 457 1339 si
487 1306 678 1347 intraret;
713 1304 766 1340 ibi
796 1307 980 1341 nascitur.
1041 1304 1268 1354 Aliquando
1299 1317 1365 1341 ex-

176 1371 383 1412 trinsecus,
418 1381 495 1417 quo
533 1368 795 1404 admoneatur
831 1368 1096 1414 mortalitatis,
1135 1371 1366 1414 intervenit,

176 1433 246 1469 sed
268 1433 308 1469 id
328 1433 414 1470 leve
432 1438 474 1470 et
489 1433 594 1483 quod
612 1446 804 1469 summam
821 1438 954 1470 cutem
970 1437 1147 1483 stringat.
1207 1433 1366 1483 Aliquo,

176 1500 352 1547 inquam,
372 1498 623 1534 incommodo
649 1497 839 1541 adflatum
868 1501 1082 1534 maximum
1109 1503 1244 1534 autem
1268 1498 1366 1534 illud

176 1564 324 1599 bonum
345 1568 405 1599 est
425 1562 556 1598 fixum.
617 1562 678 1599 Ita
705 1563 816 1599 dico:
847 1566 1091 1599 extrinsecus
1118 1563 1248 1613 aliqua
1275 1568 1367 1599 sunt

177 1627 439 1672 incommoda,
487 1627 597 1663 velut
650 1630 691 1663 in
744 1640 904 1676 corpore
957 1628 1158 1664 interdum
1206 1628 1367 1664 robusto

178 1691 382 1742 solidoque
399 1695 626 1741 eruptiones
642 1692 836 1742 quaedam
852 1692 1080 1741 pusularum
1096 1697 1138 1729 et
1154 1692 1367 1738 ulcuscula,

135 1765 157 1802 6
178 1757 330 1793 nullum
364 1760 405 1792 in
433 1756 515 1792 alto
544 1756 691 1792 malum
725 1762 796 1793 est.
858 1757 959 1802 Hoc,
994 1760 1168 1806 inquam,
1199 1760 1367 1794 interest

382 1839 392 1859 ¹
419 1840 627 1882 tranquillus
644 1839 765 1871 Haase
780 1853 788 1877 ς
813 1840 1039 1882 tranquillum
1057 1839 1158 1872 MSS.

230 1950 243 1963 ‘¹
272 1943 324 1985 Of.
346 1943 414 1984 Ep.
436 1942 503 1974 xlv.
524 1945 542 1973 9
569 1943 774 1984 intrepidus,
793 1953 889 1984 quem
913 1942 1029 1984 aliqua
1054 1943 1104 1974 ris
1129 1947 1245 1979 movet,
1267 1942 1366 1974 nulla

174 1987 368 2027 perturbat,
395 1997 491 2028 quem
518 1986 661 2021 fortuna
690 2011 696 2018 .
728 2011 735 2018 .
769 2010 776 2017 .
805 1985 941 2027 pmzyit.
967 1997 1037 2017 non
1063 1986 1229 2022 vuluerat,
1255 1990 1285 2018 et
1309 1986 1369 2018 hoc

177 2040 273 2061 raro.

178 2086 227 2124 98
