1434 2333
387 90 503 128 THE
532 88 787 127 EPISTLES
818 88 889 125 OF
918 88 1130 126 SENECA

163 178 288 228 Atqui
322 181 352 214 si
382 182 516 227 potest
545 181 668 214 virtus
697 178 864 222 efficere,
894 190 945 214 ne
974 179 1094 214 miser
1121 177 1261 226 aliquis
1291 178 1354 221 sit,

162 242 314 279 facilius
353 243 510 288 efficiet,
550 248 594 279 ut
636 243 887 280 beatissimus
934 245 995 279 sit.
1074 242 1207 279 Minus
1233 244 1350 278 venim

160 307 359 343 intervalli
388 321 410 343 a
440 308 583 345 beato1
613 308 663 344 ad
703 308 975 344 beatissimum
1013 312 1138 344 restat
1175 320 1293 357 quam
1332 320 1354 342 a

160 374 302 408 misero
330 372 381 409 ad
412 373 583 409 beatum.
644 373 707 409 An
743 386 844 423 quae
879 386 940 410 res
970 378 1129 410 tantum
1158 372 1278 417 valet,
1308 376 1353 408 ut

160 441 342 485 ereptum
363 438 655 475 calamitatibus
681 441 787 475 inter
814 439 951 476 beatos
978 439 1097 484 locet,
1117 452 1198 475 non
1219 442 1354 488 potest

158 501 314 539 adicere
344 503 449 552 quod
484 509 678 552 superest,
708 508 752 540 ut
790 505 1063 541 beatissimum
1097 504 1248 540 faciat?
1305 502 1352 539 In

91 569 137 605 16
158 579 310 603 summo
340 567 475 605 deficit
514 569 643 605 clivo?
701 570 916 606 Commoda
955 575 1049 606 sunt
1086 572 1126 606 in
1165 567 1275 606 vita²
1310 573 1352 605 et

156 634 417 680 incommoda,
442 639 609 684 utraque
637 641 749 672 extra
770 649 850 673 nos.
911 635 951 673 Si
974 650 1053 673 non
1074 641 1136 673 est
1155 638 1275 672 miser
1294 638 1352 671 vir

157 698 296 744 bonus,
317 703 495 748 quamvis
515 701 698 737 omnibus
728 706 932 750 prematur
960 701 1233 747 incommodis,
1254 714 1348 750 quo-

155 763 272 799 modo
312 777 391 800 non
431 770 492 801 est
531 766 794 812 beatissimus,
829 770 859 803 si
897 767 1094 817 aliquibus
1133 766 1350 803 commodis

154 828 366 865 deficitur?
443 831 542 866 Nam
606 832 944 881 quemadmodum
1006 832 1346 869 incommodorum

152 906 272 931 onere
294 908 418 944 usque
438 896 488 933 ad
516 899 704 933 miserum
725 911 805 934 non
829 897 1079 947 deprimitur,
1099 900 1154 934 sic
1175 909 1347 933 commo-

151 958 290 996 dorum
325 963 457 1009 inopia
487 975 566 998 nou
597 962 810 999 deducitur
840 977 862 999 a
891 963 1133 1008 beatissimo,
1162 962 1233 999 sed
1263 967 1344 999 tam

150 1027 234 1061 sine
274 1026 489 1063 commodis
520 1027 770 1064 beatissimus
809 1033 883 1073 est,
911 1041 1029 1078 quani
1068 1041 1148 1064 non
1177 1032 1238 1064 est
1273 1028 1345 1064 sub

149 1092 408 1128 incommodis
429 1096 548 1130 miser
566 1106 574 1136 ;
604 1099 673 1130 aut
694 1099 829 1143 potest
848 1094 905 1130 illi
926 1096 1025 1143 eripi
1046 1094 1193 1130 bonum
1215 1106 1343 1139 suum,

147 1158 178 1192 si
200 1161 333 1204 potest
354 1160 488 1194 minui.

80 1226 126 1264 17
217 1221 337 1257 Paulo
383 1228 478 1259 ante
526 1223 707 1260 dicebam
748 1224 967 1273 igniculum
1015 1223 1115 1259 nihil
1162 1223 1342 1261 conferre

147 1285 287 1322 lumini
309 1287 410 1324 solis.
471 1288 661 1326 Claritate
691 1291 798 1325 enim
828 1292 912 1326 eius
941 1289 1129 1339 quicquid
1159 1292 1244 1326 sine
1273 1289 1341 1326 illo

146 1350 299 1388 luceret
327 1352 593 1390 absconditur.
654 1358 678 1374 ‘⁶
691 1354 771 1391 Sed
799 1355 1032 1404 quaedamst
1064 1357 1206 1404 inquit,
1233 1355 1341 1391 “soli

145 1428 302 1466 quoque
333 1418 531 1467 opstant.''
592 1419 647 1456 At
677 1420 734 1456 sol
769 1423 928 1469 integer
961 1420 1050 1456 est3
1080 1423 1201 1456 etiam
1234 1423 1340 1457 inter

144 1485 337 1530 opposita,
376 1488 417 1520 et
456 1487 634 1533 quamvis
671 1485 821 1534 aliquid
861 1488 1083 1531 interiacet,
1123 1485 1228 1535 quod
1267 1499 1337 1521 nos

143 1547 353 1595 prohibeat
373 1551 456 1585 eius
480 1554 658 1598 aspectu,
679 1553 718 1586 in
740 1564 859 1600 opere
881 1556 956 1597 est,
972 1564 1086 1588 cursu
1108 1564 1178 1587 suo
1198 1550 1334 1588 fertur.

143 1610 340 1656 Quotiens
370 1617 475 1651 inter
504 1615 639 1651 nubila
668 1615 807 1661 eluxit,
829 1629 908 1652 non
939 1621 1000 1654 est
1029 1629 1169 1654 sereno
1195 1619 1336 1662 minor,

418 1756 428 1776 ¹
453 1769 472 1789 (ι
491 1758 584 1789 beato
602 1758 690 1789 later
707 1757 809 1791 MSS.
827 1772 835 1795 ς
861 1760 955 1791 beato
973 1759 1048 1793 BA.

407 1799 420 1818 2
444 1801 479 1832 ἱη
496 1801 564 1833 vita
582 1801 671 1833 later
688 1801 790 1834 MSS.
809 1815 817 1839 ;
843 1803 967 1834 invicta
986 1803 1061 1836 BA.

176 1842 188 1858 ³⁵
212 1846 247 1873 at
263 1842 313 1873 sol
330 1843 457 1885 ἐπίρρω-
473 1848 518 1876 est
536 1843 731 1876 Buecheler
746 1859 754 1882 ;
779 1846 981 1887 *ipsamasole
999 1847 1129 1889 inteyra
1148 1851 1194 1878 est
1212 1846 1286 1880 BA.

677 2025 692 2038 «ι
716 2020 732 2057 ς
749 2022 777 2051 5.

133 2065 210 2102 456
