1434 2333
418 117 535 154 THE
564 116 819 154 EPISTLES
849 117 920 154 OF
949 117 1161 155 SENECA

190 203 314 240 illum.
375 204 479 241 Item
500 207 531 240 si
546 207 634 254 quis
648 203 749 240 nihil
768 204 932 254 quidem
951 217 1100 251 eorum,
1115 218 1217 255 quae
1232 205 1384 251 rettuli,

192 262 352 308 habeat,
369 263 575 300 deficiatur
594 266 776 313 pecunia,
797 263 1006 300 clientium
1024 264 1154 310 turba,
1173 265 1383 302 nobilitate

192 327 233 358 et
253 335 415 359 avorum
436 336 750 373 proavorumque
770 326 885 368 serie,
901 323 972 360 sed
992 336 1042 360 ex
1062 323 1241 360 confesso
1255 324 1384 361 bonus

190 384 254 426 sit,
293 382 477 431 probabis
514 382 639 418 illuni.
716 382 822 432 Ergo
860 381 935 419 hoe
974 396 1097 419 unum
1136 387 1198 420 est
1234 383 1383 419 bonum

190 439 375 485 hominis,
404 441 511 490 quod
545 444 613 491 qui
645 441 781 486 habet‘⁴
811 444 933 478 etiam
962 444 994 478 si
1024 441 1110 478 aliis
1138 442 1385 492 destituitur,

189 499 411 536 laudandus
455 505 528 545 est:
567 500 674 550 quod
717 503 785 550 qui
829 513 909 536 non
954 500 1089 545 habet,
1126 503 1169 537 in
1206 504 1382 537 omnium

122 561 171 597 13
190 558 356 595 aliorum
383 562 494 608 copia
522 559 733 596 damnatur
758 572 803 595 ac
829 562 1001 596 reicitur.
1060 559 1174 605 Quae
1204 560 1385 596 condicio

190 631 336 663 rerum,
354 618 495 655 eadem
515 618 721 655 hominum
742 623 814 655 est.
874 618 995 655 Navis
1015 619 1117 655 bona
1138 618 1284 656 dicitur
1303 632 1385 655 non

190 690 292 728 quae
318 681 501 727 pretiosis
528 677 722 714 coloribus
748 681 854 727 picta
876 683 937 714 est
963 691 1038 714 nec
1065 681 1128 714 cui
1148 683 1385 728 argenteum

189 742 259 774 aut
278 750 442 774 aureum
463 742 633 773 rostrum
650 742 709 773 est
730 750 805 773 nec
822 740 932 773 cuius
952 737 1080 773 tutela
1097 737 1216 774 ebore
1233 737 1386 774 caelata

190 801 251 832 est
272 809 346 832 nec
367 809 468 846 quae
495 796 596 833 fiscis
615 801 737 846 atque
758 796 898 845 opibus
923 799 1043 846 regiis
1066 809 1198 845 pressa
1219 802 1294 842 est,
1314 796 1385 833 sed

190 855 342 891 stabilis
376 860 418 891 et
452 855 561 891 firma
595 860 637 891 et
674 858 868 891 iuncturis
900 868 1043 905 aquam
1077 855 1384 893 excludentibus

190 917 326 963 spissa,
355 914 406 950 ad
439 914 650 951 ferendum
684 917 883 950 incursum
918 917 1035 950 maris
1069 914 1206 960 solida,
1240 915 1384 964 guber-

123 978 171 1014 14
190 973 332 1010 naculo
345 986 500 1022 parens,
508 973 623 1010 velox
637 978 678 1010 et
691 986 772 1009 non
785 976 961 1010 sentiens
974 978 1151 1010 ventum.
1197 973 1383 1010 Gladium

189 1033 338 1069 bonum
367 1032 475 1069 dices
505 1046 585 1068 non
615 1036 677 1068 cui
705 1038 865 1069 auratus
894 1037 955 1069 est
985 1032 1140 1069 balteus
1169 1046 1245 1069 nec
1274 1036 1385 1070 cuius

189 1095 330 1142 vagina
357 1095 525 1141 gemmis
546 1092 820 1141 distinguitur,
841 1091 913 1128 sed
938 1095 1001 1128 cui
1027 1096 1068 1128 et
1091 1092 1143 1128 ad
1168 1092 1382 1129 secandum

189 1150 344 1188 subtilis
392 1155 495 1187 acies
543 1156 604 1187 est
652 1156 692 1187 et
740 1163 875 1187 mucro
922 1154 1217 1187 munimentum
1264 1164 1382 1188 omne

188 1216 386 1259 rupturus.
447 1209 600 1259 Regula
620 1223 701 1245 non
717 1222 835 1259 quam
851 1209 1032 1255 formosa,
1049 1209 1120 1247 sed
1135 1223 1253 1260 quam
1273 1216 1382 1248 recta

187 1273 237 1306 sit
258 1272 471 1319 quaeritur.
531 1269 589 1305 Eo
610 1268 786 1318 quidque
812 1268 1010 1314 laudatur,
1031 1272 1094 1305 cui
1119 1276 1381 1319 comparatur,

187 1328 294 1379 quod
314 1328 372 1364 illi
392 1331 594 1377 proprium
615 1333 687 1364 est.

122 1385 169 1420 15
253 1388 360 1437 Ergo
392 1390 434 1423 in
468 1386 628 1423 homine
662 1399 820 1436 quoque
854 1386 955 1423 nihil
988 1387 1039 1424 ad
1072 1400 1158 1424 rem
1191 1391 1382 1437 pertinet,

188 1452 384 1497 quantum
421 1452 520 1491 aret,
549 1451 745 1496 quantum
782 1445 977 1491 faeneret,
1014 1460 1037 1482 a
1079 1459 1198 1496 quam
1243 1447 1381 1485 multis

189 1506 398 1551 salutetur,
418 1519 537 1555 quam
566 1509 739 1554 pretioso
768 1505 974 1542 incumbat
1005 1505 1125 1551 lecto,
1145 1519 1263 1556 quam
1292 1520 1380 1556 per-

188 1565 320 1602 lucido
354 1564 496 1614 poculo
529 1565 653 1609 bibat,
683 1564 754 1601 sed
787 1577 907 1614 quam
943 1565 1070 1601 bonus
1109 1568 1170 1602 sit.
1247 1566 1380 1603 Bonus

188 1630 324 1661 autem
362 1629 436 1669 est,
466 1627 498 1660 si
535 1626 635 1660 ratio
674 1626 758 1660 eius
796 1623 984 1672 explicita
1023 1629 1064 1660 et
1098 1629 1206 1661 recta
1241 1631 1303 1662 est
1336 1630 1379 1662 et

121 1686 168 1723 16
188 1684 238 1720 ad
271 1688 438 1720 naturae
472 1695 564 1719 suae
599 1682 849 1719 voluntatem
882 1683 1189 1720 accommodata.
1263 1684 1377 1721 Haec

240 1784 254 1798 2
280 1777 451 1818 Literally
485 1776 582 1808 “the
611 1776 786 1818 guardian
817 1776 916 1818 deity
927 1776 968 1813 ”;
1003 1777 1047 1819 cf.
1076 1776 1231 1813 Horace,
1259 1777 1321 1810 Od.
1352 1780 1374 1811 i.

190 1824 238 1854 14.
276 1824 326 1853 10.
390 1820 505 1852 These
543 1830 634 1852 were
666 1821 802 1861 images
837 1819 878 1851 of
911 1819 973 1852 the
1003 1819 1105 1862 gods,
1139 1821 1275 1854 carried
1305 1822 1378 1854 and

186 1863 342 1897 invoked
358 1863 406 1906 by
422 1863 484 1895 the
500 1865 674 1900 ancients,
688 1864 724 1895 in
740 1862 803 1895 the
814 1873 913 1895 same
925 1873 1075 1895 manner
1086 1874 1124 1896 as
1139 1863 1190 1897 St.
1207 1864 1376 1898 Nicholas

186 1907 322 1940 to-dav.

238 1952 250 1971 '⁶’
274 1941 350 1983 Tne
371 1952 479 1993 fiscus
509 1960 581 1981 was
611 1949 673 1981 the
710 1951 847 1991 private
881 1952 1045 1991 treasury
1076 1950 1116 1982 of
1142 1950 1205 1982 the
1236 1950 1375 1983 Roman

184 1993 367 2037 Emperor,
385 2004 425 2026 as
446 1992 651 2026 contrasted
674 1992 758 2024 with
780 1992 842 2024 the
862 1993 1050 2030 aerarium,
1075 1993 1187 2026 which
1209 1994 1374 2027 theoreti-

183 2037 275 2079 cally
292 2047 363 2069 was
380 2036 575 2069 controlled
592 2036 638 2077 by
655 2036 717 2067 the
733 2034 875 2068 Senate.

190 2094 263 2125 154
