1434 2333
407 106 522 142 THE
553 105 807 142 EPISTLES
839 105 910 142 OF
939 105 1149 142 SENECA

115 191 162 227 12
182 195 288 232 illam
327 193 526 243 amplioris
564 196 621 230 rei
660 206 750 243 spes
788 197 1020 231 evocaverit.
1080 193 1120 230 Si
1158 197 1199 230 in
1238 199 1372 231 nostra

182 269 383 315 potestate
410 277 489 301 non
517 269 591 309 est,
611 277 661 300 an
688 267 767 301 sint
792 263 987 310 adfectus,
1007 277 1058 300 ne
1083 264 1183 301 illud
1209 265 1370 314 quidem

183 341 256 381 est,
286 338 425 385 quanti
464 338 567 378 sint3
610 337 642 371 si
680 337 773 385 ipsis
811 338 1024 384 permisisti
1061 338 1251 384 incipere,
1281 349 1371 372 cum

182 410 308 444 causis
347 409 425 443 suis
463 411 645 443 crescent
688 408 873 456 tantique
913 411 1044 451 erunt,
1083 409 1222 456 quanti
1260 406 1368 443 fient.

182 478 310 514 Adice
331 490 450 522 nunc,
471 476 577 526 quod
598 479 685 522 ista,
706 479 884 526 quamvis
910 480 1053 526 exigua
1074 480 1165 522 sint,
1186 480 1226 513 in
1246 480 1372 514 maius

182 549 394 587 excedunt.
470 548 696 597 Numquam
741 550 962 597 perniciosa
1000 553 1159 585 servant
1197 548 1368 585 modum.

183 619 372 666 Quamvis
392 619 494 656 levia
515 621 627 655 initia
647 610 872 655 niorborum
899 623 1065 668 serpunt
1085 624 1127 656 et
1153 632 1271 668 aegra
1291 632 1372 655 cor-

182 704 276 741 pora
295 693 458 726 minima
478 689 680 726 interdum
701 692 847 739 mergit
867 692 1050 726 accessio.

115 759 162 796 13
251 761 357 797 Illud
382 774 473 797 vero
502 763 611 797 cuius
641 760 868 797 dementiae
899 765 973 806 est,
1003 760 1177 806 credere,
1207 774 1371 810 quarum

182 845 313 869 rerum
334 837 445 868 extra
465 836 643 867 nostrum
664 831 869 866 arbitrium
896 834 1024 880 posita
1050 834 1242 880 principia
1267 837 1372 877 sunt,

183 916 317 940 earum
338 905 462 939 nostri
482 914 568 938 esse
588 902 739 938 arbitrii
759 904 980 938 terminos?
1037 901 1247 947 Quomodo
1262 902 1312 938 ad
1332 902 1373 939 id

182 974 402 1011 finiendum
432 976 525 1009 satis
553 972 677 1018 valeo,
703 972 753 1009 ad
781 972 887 1022 quod
917 972 1209 1022 prohibendum
1235 986 1373 1022 parum

183 1046 299 1091 valui,
327 1058 417 1081 cum
441 1044 595 1080 facilius
622 1046 674 1080 sit
700 1043 913 1080 excludere
941 1056 1060 1093 quam
1085 1043 1255 1080 admissa
1281 1057 1372 1080 con-

115 1118 381 1165 14primere?
452 1114 625 1161 Quidam
663 1117 720 1150 ita
764 1114 1047 1159 distinxerunt,
1087 1120 1130 1151 ut
1168 1114 1372 1152 dicerent:

182 1187 464 1236 “Temperans
483 1200 528 1222 ac
549 1185 722 1234 prudens
746 1187 942 1234 positione
970 1185 1132 1234 quidem
1158 1189 1305 1222 mentis
1331 1191 1374 1223 et

180 1258 321 1294 habitu
342 1256 577 1305 tranquillus
605 1261 679 1300 est,
700 1260 846 1292 eventu
874 1268 954 1291 non
981 1260 1052 1292 est.
1114 1256 1228 1301 Nam,
1249 1270 1372 1306 quan—

180 1335 267 1365 tum
293 1328 343 1364 ad
372 1327 552 1363 habitum
584 1329 730 1363 inentis
759 1339 866 1372 suae,
893 1339 974 1362 non
1004 1327 1271 1375 perturbatur,
1298 1341 1373 1364 nec

182 1402 438 1435 contristatur
457 1411 532 1434 nec
553 1400 684 1442 timet,
706 1396 777 1433 sed
797 1396 946 1433 multae
968 1400 1213 1434 extrinsecus
1234 1411 1373 1435 causae

115 1468 160 1504 15
182 1470 378 1514 incidunt,
408 1481 508 1518 quae
538 1468 595 1503 illi
625 1467 967 1516 perturbationem
997 1467 1218 1505 adferant.'’
1277 1468 1373 1506 Tale

182 1546 256 1586 est,
286 1539 392 1589 quod
421 1539 561 1575 volunt
599 1538 755 1575 dicere:
803 1538 1035 1574 iracundum
1071 1539 1231 1588 quidem
1262 1539 1373 1575 illum

181 1625 262 1648 non
279 1624 378 1656 esse,
393 1613 506 1647 irasci
525 1615 662 1646 tamen
682 1608 895 1658 aliquando
911 1622 919 1652 3
950 1613 991 1645 et
1006 1609 1191 1646 timidum
1212 1610 1374 1659 quidem

181 1696 262 1718 non
301 1694 399 1726 esse,
438 1683 579 1718 timere
623 1685 759 1717 tamen
797 1679 1034 1729 aliquando3
1081 1680 1121 1716 id
1166 1685 1240 1726 est,
1278 1683 1374 1717 vitio

181 1756 331 1790 timoris
348 1765 494 1798 carere,
510 1751 671 1788 adfectu
687 1764 767 1787 non
784 1763 928 1787 carere.
979 1750 1099 1796 Quod
1120 1754 1151 1787 si
1171 1754 1373 1801 recipitur,

181 1838 254 1861 usu
293 1823 495 1873 frequenti
533 1825 652 1859 timor
689 1822 874 1858 transibit
910 1824 950 1857 in
989 1825 1143 1867 vitium,
1173 1827 1215 1858 et
1248 1825 1303 1858 ira
1332 1825 1373 1859 in

234 1908 249 1922 α
274 1901 341 1933 For
364 1901 435 1932 this
458 1901 553 1941 topic
577 1899 617 1931 of
644 1901 818 1931 emotions
841 1909 880 1930 as
908 1899 1062 1940 possible
1086 1909 1227 1931 sources
1251 1900 1291 1932 of
1313 1899 1375 1932 the

181 1947 274 1977 vices
306 1945 348 1986 cf.
381 1943 516 1979 Cicero,
554 1943 644 1975 Tusc.
682 1943 726 1974 iv.
764 1944 802 1973 10
839 1954 877 1974 ear
913 1942 1226 1984 pertarbatione'bus
1262 1947 1375 1975 autem

180 1989 333 2030 primum
351 1987 458 2019 morbi
471 1986 708 2029 conficiuntur.
736 2011 743 2018 .
771 2010 778 2017 .
808 2011 815 2018 .
835 1984 911 2017 Hoc
927 1985 996 2018 loco
1012 1985 1157 2018 nimium
1168 1997 1289 2028 operae
1300 1997 1376 2019 con-

181 2031 329 2063 sumitur
345 2042 367 2061 a
384 2029 516 2062 Stoicis.

183 2087 260 2126 292
