1434 2333
116 620 165 656 24

116 1099 164 1135 25

117 1566 164 1602 26

407 125 523 161 THE
554 123 808 161 EPISTLES
839 122 910 159 OF
940 122 1149 159 SENECA

186 212 451 262 sacrilegium,
478 215 580 249 sicut
606 211 754 247 malum
783 214 846 255 sit,
867 213 957 260 quia
985 210 1111 246 multa
1136 210 1239 246 mala
1264 210 1374 256 facit,

185 275 240 308 ita
261 272 409 307 bonum
436 283 593 320 quoque
621 283 670 307 ex
696 269 827 319 aliqua
854 275 966 318 parte
993 282 1092 314 esse,
1113 272 1205 319 quia
1224 269 1373 319 aliquid

186 331 279 366 boni
317 329 423 366 facit.
492 329 583 375 Quo
621 329 716 379 quid
755 328 838 365 fieri
877 330 1174 377 portentuosius
1211 328 1374 377 potest?

185 388 463 438 QuamquamI
504 388 768 437 sacrilegium,
798 387 962 433 furtum,
991 386 1232 424 adulterium
1270 390 1376 423 inter

185 449 287 484 bona
306 447 445 484 haberi
465 460 621 496 prorsus
643 449 918 496 persuasimus.
980 445 1110 491 Quam
1131 446 1247 483 multi
1267 445 1375 482 furto

184 520 264 543 non
304 507 557 551 erubescunt,
587 519 706 555 quam
744 505 860 542 multi
898 505 1094 542 adulterio
1133 504 1374 554 gloriantur!

186 566 288 602 Nam
316 565 520 615 sacrilegia
549 568 703 601 minuta
733 567 966 614 puniuntur,
995 577 1139 613 magna
1167 567 1209 600 in
1237 566 1375 600 trium-

185 624 274 674 phis
313 624 505 661 feruntur.
570 624 697 660 Adice
737 637 857 669 nunc,
896 623 1001 673 quod
1041 623 1305 673 sacrilegium,
1344 626 1375 659 si

185 687 347 720 omnino
368 697 416 720 ex
443 684 575 733 aliqua
601 688 714 732 parte
742 684 891 719 bonum
917 688 992 728 est,
1014 686 1135 719 etiam
1160 682 1374 719 honestum

185 746 261 780 erit
277 748 318 780 et
334 748 443 780 recte
459 742 608 778 factum
624 742 828 778 vocabitur
842 756 850 778 ε
880 747 1013 778 nostra
1035 744 1140 778 enim
1161 744 1265 778 actio
1285 741 1377 778 est.2

186 801 304 847 Quod
325 801 471 838 nullius
492 800 717 837 mortalium
739 803 928 850 cogitatio
949 803 1102 850 recipit.

253 860 358 910 Ergo
388 861 491 897 bona
520 862 627 896 nasci
654 872 703 896 ex
729 859 833 896 malo
860 873 940 896 non
970 864 1145 909 possunt.
1207 859 1309 895 Nam
1334 861 1378 904 si,

186 925 231 957 ut
244 919 258 942 3
279 919 420 966 dicitis,
445 920 495 955 ob
516 918 590 955 hoc
610 931 734 955 unum
755 918 1004 968 sacrilegium
1025 917 1173 954 malum
1195 923 1268 963 est,
1288 920 1380 967 quia

186 979 357 1015 multum
395 977 488 1014 mali
527 977 671 1023 adfert,
706 980 736 1013 si
776 980 971 1014 remiseris
1010 976 1067 1013 illi
1106 976 1311 1026 supplicia,
1345 979 1377 1013 si

186 1040 443 1075 securitatem
464 1037 736 1086 spoponderis,
758 1049 806 1072 ex
826 1042 912 1073 toto
933 1037 1082 1072 bonum
1104 1038 1190 1072 erit.
1250 1035 1375 1085 Atqui

186 1100 401 1133 maximum
431 1096 625 1133 scelerum
655 1095 893 1145 supplicimn
922 1099 962 1131 in
992 1098 1085 1144 ipsis
1116 1100 1186 1132 est.
1246 1094 1376 1140 Erras,

184 1159 359 1206 inquam,
389 1158 419 1191 si
448 1155 515 1191 illa
544 1154 594 1191 ad
633 1154 856 1191 carnificem
885 1159 954 1190 aut
989 1167 1187 1191 carcerem
1220 1153 1377 1197 differs;

185 1218 320 1251 statim
349 1217 582 1263 puniuntur,
609 1226 698 1249 cuni
725 1213 830 1249 facta
859 1218 964 1258 sunt,
988 1216 1108 1248 immo
1137 1213 1232 1249 dum
1262 1213 1372 1249 fiunt.

187 1274 277 1310 Non
297 1275 472 1309 nascitur
487 1275 622 1322 itaque
643 1284 692 1309 ex
712 1271 815 1308 malo
831 1272 994 1317 bonum,
1009 1284 1089 1307 non
1109 1274 1235 1321 magis
1257 1284 1375 1321 quam

185 1332 279 1369 ficus
319 1345 367 1368 ex
405 1332 502 1368 olea.
563 1331 628 1367 Ad
666 1344 804 1367 semen
842 1336 936 1367 nata
974 1330 1233 1379 respondent,
1272 1331 1376 1366 bona

185 1391 430 1440 degenerare
460 1403 540 1427 non
569 1395 745 1439 possunt.
805 1389 1152 1435 Quemadmodum
1183 1402 1230 1426 ex
1270 1392 1376 1439 turpi

185 1450 398 1487 honestum
414 1463 494 1486 non
511 1452 697 1493 nascitur,
713 1452 769 1485 ita
784 1462 835 1485 ne
853 1462 901 1485 ex
916 1449 1021 1484 malo
1037 1448 1198 1498 quidem
1214 1449 1373 1485 bonum.

187 1510 289 1546 Nam
309 1509 418 1546 idem
438 1514 499 1545 est
519 1508 733 1545 honestum
753 1513 795 1544 et
816 1508 974 1544 bonum.

251 1568 426 1614 Quidam
453 1581 501 1604 ex
530 1570 674 1603 nostris
702 1567 888 1603 adversus
918 1566 992 1602 hoc
1022 1570 1076 1603 sic
1106 1566 1374 1616 respondent:

186 1632 209 1649 “
223 1633 410 1678 putemus
431 1629 641 1676 pecuniam
661 1627 810 1662 bonum
831 1638 916 1663 esse
937 1625 1218 1675 undecumque
1243 1638 1375 1675 sump-

239 1696 249 1716 1
273 1707 479 1739 quamquam
496 1695 650 1733 Gruter;
673 1706 773 1738 quam
790 1694 858 1727 Vb.

239 1739 251 1759 ²
276 1740 399 1772 Hense
421 1739 537 1771 would
559 1738 642 1770 read
665 1738 841 1770 vocabitur
853 1750 867 1775 ς
891 1737 1027 1769 honesta
1045 1738 1098 1777 (so
1116 1736 1271 1778 Gemoll)
1287 1737 1377 1770 enim

186 1783 276 1816 actio
292 1787 384 1815 recta
401 1782 489 1814 actio
506 1786 563 1814 est.

239 1826 251 1846 ³
274 1827 303 1858 si
320 1831 356 1858 ut
372 1826 461 1858 later
477 1824 579 1857 MSS.
595 1838 603 1862 ς
627 1825 675 1856 sio
693 1829 731 1856 ut
748 1824 814 1855 Vb.

240 1910 254 1923 α
279 1903 354 1934 The
370 1902 464 1944 good
480 1903 509 1934 is
532 1901 703 1933 absolute.
753 1900 828 1932 The
852 1900 967 1933 Stoics
984 1900 1065 1931 held
1081 1900 1160 1932 that
1176 1902 1289 1932 virtue
1305 1900 1376 1931 and

188 1946 298 1978 moral
322 1946 433 1978 worth
458 1955 549 1977 were
572 1944 750 1980 identical,
776 1943 946 1984 although
978 1943 1080 1975 those
1111 1943 1190 1974 who
1214 1942 1376 1975 followed

187 1989 248 2021 the
264 1991 452 2031 argument
467 1991 504 2021 to
528 1990 573 2020 its
597 1986 723 2029 logical
747 1986 950 2019 conclusion
966 1986 1037 2018 had
1060 1989 1097 2018 to
1120 1986 1258 2028 explain
1274 1996 1375 2028 away

187 2043 295 2074 many
312 2034 472 2073 seeming
488 2031 790 2064 inconsistencies.
842 2030 894 2072 Cf.
914 2029 983 2072 Ep.
1004 2029 1118 2062 lxxxv.
1143 2032 1192 2063 17.

188 2083 264 2121 336
