1434 2333
402 133 517 169 THE
548 131 801 169 EPISTLES
833 132 902 169 OF
932 131 1141 170 SENECA

177 217 365 254 becillum
396 221 458 253 est
491 216 598 266 quod
625 221 744 253 nocet
773 229 891 266 quam
920 220 982 253 cui
1009 223 1186 262 nocetur,
1216 221 1365 267 optima

111 272 157 308 18
177 274 213 306 vi
234 273 350 306 noxia
366 275 513 307 carent.
573 270 800 319 Expectant
816 283 900 315 nos,
917 273 948 306 si
962 271 974 294 1
997 284 1045 307 ex
1064 271 1138 307 hac
1153 271 1365 321 aliquando

176 324 287 361 faece
316 327 357 360 in
386 324 487 360 illud
517 324 718 361 evadimus
749 324 916 361 sublime
946 329 987 361 et
1017 324 1230 369 excelsum,
1259 330 1364 362 tran-

176 378 351 427 quillitas
371 380 491 414 animi
513 383 554 414 et
575 378 748 426 expulsis
769 378 963 414 erroribus
983 378 1163 415 absoluta
1189 378 1361 416 libertas.

177 431 343 477 Quaeris
377 444 477 481 quae
512 435 563 468 sit
595 433 698 468 ista?
756 432 847 468 Non
880 432 1060 469 homines
1094 435 1249 477 timere,
1283 446 1363 469 non

175 485 295 529 deos;
341 498 415 522 nec
463 488 593 534 turpia
631 485 734 522 velle
773 498 848 522 nec
885 488 1030 529 nimia;
1076 489 1117 522 in
1155 499 1196 522 se
1234 489 1362 535 ipsum

176 539 324 576 habere
344 542 555 575 maximam
576 544 829 588 potestatem.
891 539 1187 577 Inaestimabile
1214 541 1362 577 bonum

177 598 239 630 est
259 606 372 629 suum
393 593 486 630 fieri.
546 593 666 629 VALE.

678 768 859 805 LXXVI.

447 872 600 909 SENECA
631 872 789 909 ch1L10
819 885 885 908 svo
915 884 1086 908 SALVTEM

134 976 151 1012 1
243 977 475 1013 Inimicitias
513 975 610 1012 mihi
649 976 875 1022 denuntias,
910 980 940 1012 si
975 979 1186 1026 quicquam
1220 989 1268 1013 ex
1304 979 1364 1022 iis,

173 1044 274 1081 quae
312 1030 457 1067 cotidie
496 1030 609 1075 facio,
648 1033 898 1079 ignoraveris.
964 1030 1078 1075 Vide,
1116 1043 1235 1079 quam
1273 1033 1364 1066 sim-

173 1085 330 1134 pliciter
358 1090 492 1121 tecum
520 1087 670 1120 vivam:
711 1084 784 1120 hoc
814 1097 971 1134 quoque
1000 1084 1073 1120 tibi
1104 1087 1361 1121 committam.

176 1138 459 1187 Philosophum
493 1138 610 1174 audio
645 1143 687 1174 et
721 1137 883 1187 quidem
917 1141 1101 1187 quintum
1139 1141 1217 1173 iam
1255 1137 1360 1174 diem

174 1192 313 1237 habeo,
331 1205 378 1228 ex
395 1205 472 1241 quo
488 1194 528 1227 in
549 1191 723 1228 scholam
741 1204 787 1228 eo
803 1196 844 1228 et
864 1192 914 1227 ab
930 1197 1068 1228 octava
1088 1191 1361 1240 disputantem

172 1246 300 1282 audio.
371 1245 554 1289 “Bona,”
591 1248 734 1294 inquis,
769 1245 976 1282 “aetate''
1040 1245 1192 1290 Quidni
1229 1245 1363 1281 bona?

173 1299 281 1345 Quid
301 1304 436 1335 autem
457 1299 618 1335 stultius
639 1304 699 1335 est
720 1312 851 1348 quam,
867 1301 959 1348 quia
979 1298 1045 1334 diu
1067 1311 1147 1334 non
1163 1298 1362 1344 didiceris,

131 1352 251 1389 2non
290 1352 470 1389 discere?
541 1351 685 1397 “Quid
725 1353 846 1401 ergo?
914 1352 1028 1388 Idem
1066 1351 1220 1397 faciam,
1253 1352 1361 1401 quod

172 1406 329 1443 trossuli
364 1411 406 1443 et
438 1405 665 1442 iuvenes?'’
726 1406 833 1442 Bene
867 1419 1023 1442 mecum
1053 1408 1196 1454 agitur,
1226 1409 1257 1441 si
1286 1405 1360 1442 hoc

172 1473 295 1497 unum
329 1464 579 1496 senectutem
614 1472 743 1495 meam
777 1459 980 1496 dedecet.²
1040 1459 1180 1495 Omnis
1218 1462 1360 1495 aetatis

171 1514 352 1550 homines
372 1513 470 1550 haec
491 1513 625 1549 schola
644 1513 833 1549 admittit.
894 1518 917 1534 “
934 1513 981 1548 In
1001 1513 1076 1549 hoc
1096 1525 1359 1558 senescamus,

171 1573 216 1604 ut
242 1571 406 1604 iuvenes
432 1567 706 1616 sequamur?’‘
766 1567 813 1602 In
842 1566 1045 1603 theatrum
1075 1579 1196 1603 senex
1226 1567 1291 1602 ibo
1317 1572 1359 1603 et

223 1636 234 1656 1
257 1637 287 1668 .ςὶ
313 1635 429 1668 added
456 1636 505 1678 by
529 1635 730 1671 Pincianus,
755 1646 801 1667 on
828 1635 890 1667 the
917 1634 1098 1677 authority
1121 1635 1162 1666 of
1183 1637 1359 1667 “ancient

171 1679 389 1755 Μξ-’Ξᾶθᾱρσεί
408 1722 596 1754 Pincianus
611 1735 620 1758 ;
644 1722 733 1754 decet
749 1721 849 1754 VPb.

222 1797 238 1810 α’
261 1790 451 1822 Therefore
475 1789 581 1821 death
606 1789 670 1821 has
694 1800 739 1820 no
763 1799 881 1831 power
903 1791 940 1820 to
965 1788 1078 1825 harm,
1102 1790 1198 1820 since
1222 1799 1303 1820 man
1328 1791 1356 1821 is

170 1836 233 1865 not
255 1833 403 1865 harmed
426 1833 588 1874 thereby,
606 1832 679 1864 and
701 1832 762 1864 the
786 1831 888 1873 gods,
910 1831 988 1863 who
1012 1842 1070 1863 are
1095 1831 1227 1873 utterly
1249 1832 1354 1874 good,

170 1880 302 1909 cannot
317 1877 361 1908 be
377 1876 438 1908 the
455 1887 578 1908 source
594 1876 635 1908 of
648 1875 725 1907 evil.

222 1921 234 1940 b
258 1920 290 1951 A
308 1919 546 1951 mock-heroic
564 1919 751 1951 nickname
772 1918 826 1950 for
847 1918 907 1949 the
924 1917 1082 1959 knights,
1101 1917 1244 1949 derived
1266 1917 1356 1950 from

169 1963 229 1994 the
249 1965 342 1994 town
366 1962 406 1994 of
425 1962 629 1994 Trossulum
653 1963 686 1993 in
710 1962 862 1997 Etruria,
881 1960 995 1993 which
1012 1960 1097 2002 they
1115 1961 1284 2002 captured
1307 1961 1355 2003 by

168 2017 190 2037 a
224 2005 438 2038 sensational
472 2006 611 2047 charge.
675 2004 741 2037 See
780 2004 931 2041 Persius,
964 2005 985 2036 i.
1021 2006 1073 2041 82,
1106 2004 1177 2036 and
1207 2003 1354 2041 Seneca,

168 2049 237 2091 Ep.
258 2048 396 2081 lxxxvii.
417 2052 447 2081 9.

175 2099 249 2137 146
