1434 2333
389 100 505 138 THE
535 101 791 139 EPISTLES
823 101 893 138 OF
923 100 1135 139 SENECA

165 190 349 224 nesciunt
369 189 527 225 beatam
549 191 669 225 vitam
697 202 815 225 unam
842 202 937 226 esse.
999 189 1045 224 In
1071 190 1221 237 optimo
1247 187 1354 223 illam

165 259 270 290 statu
299 258 412 303 ponit
438 256 605 305 qualitas
632 270 713 301 sua,
734 270 814 293 non
841 255 1086 305 magnitudO.
1147 254 1287 304 ltaque
1314 257 1354 290 in

164 334 291 371 aequo
330 328 391 359 est
419 323 539 373 longa
567 329 609 360 et
647 324 789 368 brevis,
819 322 960 360 diffusa
988 328 1029 359 et
1067 324 1285 372 angustior,
1314 324 1355 357 in

166 389 291 425 multa
321 389 405 426 loca
433 390 658 440 multasque
688 396 820 439 partes
851 390 1062 427 distributa
1092 395 1134 426 et
1162 392 1203 425 in
1232 401 1356 425 unum

166 462 310 493 coacta.
372 456 451 503 Qui
481 457 589 494 illam
619 471 784 494 numero
816 460 1002 494 aestimat
1031 462 1073 494 et
1101 469 1286 493 mensura
1316 460 1357 492 et

167 525 356 572 partibuS,
383 524 424 561 id
450 524 521 569 illi,
548 525 654 574 quod
683 525 807 561 habet
836 527 1039 570 eximium,
1061 526 1188 573 eripit.
1249 522 1356 568 Quid

166 597 301 628 autem
323 597 384 628 est
404 595 445 628 in
465 593 583 629 beata
610 595 690 628 vita
717 593 934 629 eximium?
991 591 1109 636 Quod
1138 591 1257 640 plena
1284 595 1354 627 est.

101 660 148 697 23
169 658 288 704 Finis,
310 664 354 695 ut
381 664 488 708 puto,
513 659 659 696 edendi
687 659 931 709 bibendique
959 661 1121 696 satietas
1146 663 1217 695 est.
1279 658 1358 693 Hic

168 726 256 775 plus
286 727 383 772 edit,
413 727 480 763 ille
519 729 673 770 minus3
720 727 815 776 quid
850 726 1002 763 refert?
1063 726 1244 775 Uterque
1282 728 1359 760 iam

168 799 277 830 satur
305 799 376 832 est.
439 795 518 830 Hic
548 794 636 843 plus
666 795 780 839 bibit,
807 794 874 830 ille
904 797 1057 837 minus;
1087 793 1183 842 quid
1210 791 1361 829 refert?

172 860 352 910 Uterque
391 874 471 897 non
509 864 603 897 sitit.
666 861 745 896 Hic
785 860 962 909 pluribus
1000 863 1113 896 annis
1152 862 1262 903 vixit,
1296 858 1361 894 hic

170 929 441 977 paueioribus3
470 928 570 964 nihil
590 931 773 974 interest,
803 931 834 964 si
863 933 947 965 tam
980 927 1093 963 illum
1122 926 1238 963 multi
1267 928 1361 962 anni

170 996 332 1032 beatum
362 995 544 1033 fecerunt
573 1009 692 1045 quam
729 995 836 1032 hunc
866 998 992 1044 pauci.
1051 994 1138 1040 Ille,
1168 1006 1288 1044 quem
1317 997 1362 1029 tu

170 1066 299 1099 minus
335 1064 496 1100 beatum
525 1077 653 1109 vocas,
683 1076 763 1099 non
802 1067 863 1099 est
902 1063 1066 1105 beatus;
1109 1074 1189 1097 non
1228 1065 1363 1110 potest

172 1144 318 1167 nomen
340 1133 518 1167 inminui.

103 1207 152 1243 24
239 1202 262 1218 ‘⁴
280 1197 358 1243 Qui
380 1197 492 1234 fortis
513 1202 587 1242 est,
608 1200 693 1234 sine
713 1199 855 1233 timore
877 1201 948 1233 est.
1009 1195 1088 1241 Qui
1115 1199 1200 1232 sine
1221 1198 1362 1232 timore

172 1271 245 1310 est,
273 1269 357 1302 sine
385 1268 548 1302 tristitia
577 1270 648 1303 est.
710 1264 787 1309 Qui
816 1268 901 1301 sine
931 1267 1093 1301 tristitia
1122 1269 1196 1308 est,
1223 1263 1364 1300 beatus

172 1332 270 1369 est.''
338 1333 573 1369 Nostrorum
602 1332 701 1369 haec
730 1334 989 1381 interrogatio
1028 1336 1099 1367 est.
1163 1330 1363 1367 Adversus

171 1400 273 1436 hanc
294 1403 348 1436 sic
368 1400 608 1449 respondere
630 1405 845 1436 conantur:
873 1399 1012 1436 falsam
1027 1412 1097 1435 1105
1114 1411 1198 1435 rem
1214 1403 1255 1435 et
1271 1411 1363 1434 con-

172 1471 447 1505 troversiosam
476 1480 546 1516 pro
575 1466 755 1504 confessa
785 1466 996 1511 vindicare,
1022 1479 1126 1511 eum,
1156 1468 1222 1515 qui
1253 1464 1365 1501 fortis

174 1541 247 1581 est,
269 1538 353 1572 sine
380 1538 522 1572 timore
543 1547 639 1571 esse.
700 1538 723 1555 “
737 1534 845 1579 Quid
867 1547 961 1583 ergo
976 1535 990 1570 ?
1004 1534 1023 1545 '’
1053 1534 1195 1582 inquit,
1216 1532 1366 1569 “fortis

173 1606 411 1640 inminentia
424 1602 527 1638 mala
539 1615 619 1638 non
632 1602 816 1638 timebit?
852 1601 959 1637 Istuc
972 1601 1172 1637 dementis
1185 1600 1365 1636 alienati-

174 1684 265 1721 que,
286 1684 366 1707 non
393 1670 504 1706 fortis
531 1674 602 1706 est.
664 1668 737 1705 Ille
765 1668 895 1713 vero‚⁷'
924 1671 1067 1717 inquit,
1095 1667 1365 1703 “moderatis-

175 1742 272 1775 sime
306 1741 437 1782 timet,
467 1737 537 1773 sed
566 1740 606 1772 in
635 1741 766 1772 toturn
805 1740 917 1772 extra
954 1740 1107 1772 metum
1145 1748 1225 1771 non
1263 1734 1362 1771 est.”

107 1815 155 1851 25
175 1806 255 1852 Qui
281 1805 356 1842 hoc
383 1805 536 1849 dicunt,
556 1816 687 1840 rursus
714 1806 755 1839 in
784 1803 890 1840 idem
920 1802 1189 1847 revolvuntur,
1216 1807 1261 1838 ut
1287 1801 1364 1837 illis

228 1950 241 1963 ‘¹
267 1943 342 1974 The
358 1942 478 1984 happy
491 1941 550 1973 life
563 1941 774 1973 constitutes
791 1939 925 1975 virtue3
949 1937 1019 1969 and
1033 1939 1158 1974 virtue,
1173 1948 1211 1970 as
1229 1937 1364 1970 Seneca

175 1997 258 2028 says
282 1996 321 2017 so
344 1985 456 2020 osten,
480 1987 508 2017 is
532 1983 705 2019 absolute,
731 1982 937 2024 permitting
961 1980 1097 2012 neither
1120 1982 1277 2013 increase
1302 1992 1364 2013 nor

175 2029 397 2061 diminution.

180 2086 255 2123 ⁶298
