1434 2333
375 122 491 159 THE
521 122 775 160 EPISTLES
806 121 876 158 OF
905 121 1115 160 SENECA

153 213 223 245 est.
284 210 407 258 Atqui
429 222 519 245 cum
541 209 647 245 voles
668 222 799 245 veram
826 209 997 245 hominis
1022 211 1338 245 aestimationem

151 281 250 315 inire
273 284 314 315 et
334 282 445 325 scire,
466 280 591 329 qualis
612 282 675 325 sit,
697 280 847 316 nudum
875 282 1050 329 inspice;
1079 284 1201 329 ponat
1221 282 1340 328 patri-

153 352 341 395 monium,
371 356 494 399 ponat
528 350 696 387 honores
731 356 773 387 et
806 351 882 386 alia
909 349 1093 387 fortunae
1122 349 1342 394 mendacia,

152 432 292 468 corpus
317 422 446 469 ipsum
474 426 603 457 exuat.
664 421 855 457 Animum
880 424 1051 466 intuere,
1072 420 1198 470 qualis
1219 433 1342 469 quan-

153 494 296 539 tusque
317 493 379 535 sit,
400 491 530 527 alieno
549 505 599 527 an
620 504 690 528 suo
710 505 888 541 magnus.

83 560 131 596 33
220 559 259 597 Si
290 564 407 598 rectis
437 562 559 598 oeulis
589 561 740 611 gladios
771 564 964 598 micantes
996 561 1106 598 videt
1136 566 1178 598 et
1208 564 1238 597 si
1269 564 1343 598 seit

151 643 220 667 sua
234 631 334 668 nihil
351 635 557 677 interesse,
572 637 703 668 utrum
720 635 850 669 anima
866 645 936 682 per
951 645 993 669 os
1009 645 1059 668 an
1079 645 1150 681 per
1162 631 1343 680 iugulum

151 707 282 747 exeat,
320 703 482 739 beatum
521 716 638 746 voca;
687 706 717 739 si
756 717 845 739 cum
884 703 941 739 illi
980 703 1217 739 denuntiata
1251 706 1344 738 sunt

152 775 322 821 corporis
362 778 561 809 tormenta
599 778 641 809 et
683 786 784 822 quae
824 787 914 810 casu
953 776 1120 810 veniunt
1162 778 1203 809 et
1241 785 1342 821 quae

152 845 387 892 potentioris
407 846 560 889 iniuria,
577 846 608 879 si
628 843 785 880 vincula
805 849 847 880 et
867 843 985 880 exilia
1005 848 1047 880 et
1068 856 1185 879 vanas
1206 842 1343 879 huma-

152 926 288 948 narum
311 912 541 950 formidines
562 917 757 950 mentium
778 926 937 951 securus
957 913 1070 950 audit
1090 919 1131 950 et
1151 913 1271 950 dic-it:

683 1039 706 1051 ‘⁶
720 1032 800 1065 Non
818 1032 888 1065 ulla
904 1033 1077 1069 laborum,

259 1083 291 1116 O
308 1085 415 1125 virgo,
438 1094 530 1115 nova
547 1085 593 1115 mi
612 1084 720 1116 facies
737 1085 924 1126 inopinave
941 1084 1077 1125 surgit;

261 1135 391 1167 Omnia
408 1137 569 1177 praecepi
587 1138 694 1177 atque
711 1137 830 1167 animo
848 1146 987 1167 mecum
1005 1136 1079 1177 ipse
1096 1136 1226 1177 peregi.

155 1247 213 1283 Tu
232 1247 354 1284 hodie*
367 1250 442 1284 ista
462 1247 676 1284 denuntias
693 1261 700 1291 ;
731 1261 806 1298 ego
823 1261 980 1297 semper
994 1247 1227 1284 denuntiavi
1248 1246 1344 1283 mihi

87 1319 137 1355 34
155 1323 197 1354 et
225 1317 428 1354 hominem
458 1322 589 1367 paravi
619 1318 668 1354 ad
696 1318 905 1354 humana.”
966 1318 1229 1367 Praecogitati
1253 1318 1345 1354 mali

155 1388 282 1424 mollis
304 1391 405 1424 ictus
421 1391 542 1425 venit.
602 1389 657 1424 At
677 1388 809 1425 stultis
831 1393 872 1425 et
887 1388 1070 1424 fortunae
1091 1387 1346 1424 credentibus

155 1461 282 1494 omnis
298 1458 457 1495 videtur
476 1471 576 1494 nova
592 1471 722 1495 rerum
744 1464 785 1495 et
805 1461 1009 1508 inopinata
1029 1457 1149 1494 facies
1164 1471 1172 1502 ;
1203 1472 1345 1507 magna

154 1536 289 1568 autem
312 1545 399 1580 pars
420 1537 481 1568 est
501 1532 606 1581 apud
628 1535 833 1581 imperitos
854 1532 946 1568 mali
967 1535 1130 1569 novitas.
1191 1532 1281 1568 Hoc
1302 1538 1346 1569 ut

155 1605 265 1647 scias,
287 1616 332 1639 ea
356 1616 457 1652 quae
484 1608 722 1652 putaverant
745 1616 895 1652 aspera,
916 1602 1069 1648 fortius,
1090 1616 1179 1640 eum
1206 1603 1346 1640 adsue-

88 1677 135 1712 35
156 1686 261 1718 vere,
281 1676 497 1721 patiuntur.
561 1673 656 1710 Ideo
678 1676 832 1722 sapiens
853 1672 1051 1709 adsuescit
1071 1672 1213 1710 futuris
1235 1673 1345 1708 malis

156 1749 198 1780 et
217 1756 319 1793 quae
339 1743 405 1780 alii
425 1744 490 1780 diu
520 1744 712 1794 patiendo
732 1743 833 1781 levia
853 1743 1018 1789 faciunt,
1039 1743 1103 1780 hic
1129 1743 1231 1780 levia
1251 1743 1346 1780 facit

209 1871 224 1884 α
249 1865 300 1896 As
328 1864 389 1896 the
413 1864 615 1896 world-soul
638 1866 667 1896 is
692 1863 819 1906 spread
842 1864 997 1905 through
1022 1863 1083 1896 the
1107 1865 1282 1901 universe,
1307 1875 1346 1896 so

156 1908 217 1939 the
241 1908 373 1940 human
399 1908 475 1940 soul
491 1908 544 1949 (as
560 1907 635 1943 fire,
654 1918 693 1939 or
717 1907 854 1946 breath)
878 1908 906 1939 is
931 1907 1083 1939 diffused
1107 1907 1260 1949 through
1284 1907 1345 1939 the

158 1951 265 1993 body,
283 1951 354 1983 and
371 1962 453 1993 may
470 1951 554 1983 take
572 1952 616 1983 its
633 1950 821 1992 departure
839 1952 872 1982 in
890 1952 1028 1982 various
1048 1961 1154 1993 ways.

157 2037 195 2069 th
211 1994 381 2069 bSngrigzil,
408 1994 554 2069 Αθπέἱθίῑῖ,
577 1996 621 2077 ςί.
652 1996 712 2025 103
725 1993 758 2025 ff.
809 1993 898 2035 (The
921 2004 1059 2026 answer
1082 1994 1123 2026 of
1142 1994 1284 2025 Aeneas
1309 1996 1345 2025 to

198 2048 217 2068 e
261 2048 268 2068 1
297 2049 318 2079 y
346 2048 362 2069 s
379 2048 465 2079 prop
494 2048 569 2079 ecy.

164 2088 236 2126 166
