1434 2333
408 114 523 150 THE
555 110 809 150 EPISTLES
840 110 911 147 OF
941 110 1152 147 SENECA

191 203 263 239 tibi
311 204 497 250 antiquae
547 199 771 249 probabunt
824 202 866 234 et
914 200 1126 246 inscriptus
1178 197 1375 233 Dossenni

191 259 449 291 monumento
469 254 609 290 titulus
625 267 633 289 :

360 339 502 381 Hospes
520 339 643 370 resiste
660 339 696 369 et
711 336 859 379 sophian
877 336 1055 368 Dossenni
1072 335 1161 377 lege.

148 420 169 455 8
190 415 363 462 Quidam
402 427 450 451 ex
488 417 645 459 nostris,
682 416 859 463 quamvis
906 411 1155 461 philosophia
1201 410 1376 448 studium

191 472 347 506 virtutis
376 473 481 505 esset
511 473 552 504 et
581 467 678 504 haec
707 471 927 516 peteretur,
950 465 1017 502 illa
1046 470 1217 515 peteret,
1240 470 1377 501 tamen

191 536 271 559 non
291 526 531 571 putaverunt
551 521 637 557 illas
661 520 826 557 distrahi
849 533 973 569 posse.
1034 520 1136 555 Nam
1155 531 1230 555 nec
1250 517 1376 567 philo-

191 576 328 626 sophia
356 579 440 612 sine
473 578 621 611 virtute
655 579 716 611 est
744 587 818 611 nec
852 576 936 610 sine
965 572 1214 622 philosophia
1242 575 1375 608 virtus.

194 628 447 678 Philosophia
485 628 660 665 studium
706 630 863 664 virtutis
911 632 984 672 est,
1022 627 1092 664 sed
1139 639 1210 676 per
1252 628 1377 675 ipsam

192 687 404 725 virtutem3
452 695 526 719 nec
564 685 687 718 virtus
724 686 859 718 autem
898 694 984 717 esse
1022 683 1107 717 sine
1145 679 1276 716 studio
1318 681 1377 715 sui

192 742 325 786 potest
362 749 436 772 nec
475 738 631 772 virtutis
665 735 840 771 studium
876 737 960 771 sine
994 737 1088 783 ipsa.
1148 734 1238 770 Non
1271 735 1378 770 enim

191 789 526 839 quemadmodum
563 791 604 824 in
637 791 696 833 iis,
731 791 797 837 qui
831 788 980 838 aliquid
1013 801 1062 824 ex
1096 787 1261 824 distanti
1293 786 1379 822 loco

191 844 307 880 ferire
329 847 534 887 conantur,
554 842 647 878 alibi
668 847 729 878 est
753 845 819 891 qui
841 844 957 890 petit,
977 841 1069 877 alibi
1089 840 1197 890 quod
1216 842 1376 889 petitur.

192 897 277 933 Nec
298 896 632 946 quemadmodum
653 898 795 931 itinera
815 908 915 944 quae
935 895 985 931 ad
1006 895 1122 931 urbes
1142 893 1380 943 perducunt,

192 954 245 987 sic
265 953 350 987 viae
371 950 421 986 ad
442 953 630 986 virtutem
654 949 771 986 sunt1
800 954 911 985 extra
936 951 1085 998 ipsam3
1114 948 1164 984 ad
1190 950 1379 984 virtutem

192 1007 349 1041 venitur
377 1017 448 1053 per
480 1006 628 1052 ipsam3
671 1002 887 1040 cohaerent
920 1005 1026 1039 inter
1058 1015 1099 1039 se
1130 1000 1380 1051 philosophia

192 1061 404 1106 virtusque.

152 1114 172 1149 9
263 1110 537 1160 Philosophiae
558 1115 638 1147 tres
666 1115 798 1159 partes
826 1123 911 1146 esse
939 1109 1126 1146 dixerunt
1153 1113 1195 1146 et
1220 1110 1380 1144 maximi

194 1170 234 1201 et
255 1165 412 1213 plurimi
432 1169 612 1200 auctores
628 1178 635 1199 :
665 1163 867 1208 moralem,
883 1163 1118 1207 naturalem,
1134 1162 1378 1199 rationalem.

195 1218 321 1253 Prima
356 1220 544 1266 conponit
577 1220 763 1253 animum.
823 1216 1007 1253 Secunda
1040 1230 1170 1252 rerum
1198 1221 1380 1252 naturam
1432 1212 1434 1214 ’

193 1276 400 1308 scrutatur.
458 1270 593 1307 Tertia
630 1273 892 1319 proprietates
931 1271 1139 1306 verborum
1177 1272 1301 1318 exigit
1339 1274 1381 1305 et

193 1329 431 1361 structuram
465 1329 506 1360 et
543 1327 922 1372 argumentationes,
956 1337 1007 1360 ne
1045 1337 1115 1372 pro
1152 1336 1244 1359 vero
1283 1322 1381 1358 falsa

194 1378 419 1426 subrepant.
480 1377 667 1414 Ceterum
690 1380 843 1414 inventi
869 1382 961 1413 sunt
987 1382 1029 1413 et
1049 1380 1116 1426 qui
1136 1380 1177 1412 in
1197 1379 1380 1425 pauciora

127 1434 173 1470 lO
193 1430 483 1481 philosophiam
517 1436 559 1468 et
589 1433 656 1480 qui
689 1434 730 1467 in
760 1431 871 1480 plura
900 1430 1147 1467 diducerent.
1207 1429 1380 1475 Quidam

193 1498 241 1521 ex
264 1485 536 1534 Peripateticis
557 1490 736 1534 quartam
757 1490 911 1534 partem
931 1484 1163 1521 adiecerunt
1176 1483 1190 1507 2
1210 1483 1380 1528 civilem,

194 1541 284 1588 quia
313 1541 509 1587 propriam
535 1538 734 1587 quandam
761 1541 1087 1575 exercitationem
1113 1537 1315 1574 desideret
1339 1541 1380 1573 et

247 1607 257 1627 1
280 1608 328 1639 32⁶0
353 1633 359 1640 .
388 1633 395 1639 .
424 1632 430 1639 .
457 1612 536 1639 sun!
560 1607 676 1639 added
702 1607 749 1649 by
774 1607 978 1644 Buecheler,
1003 1608 1125 1648 giving
1150 1606 1212 1638 the
1238 1605 1382 1648 general

194 1661 318 1687 sense;
342 1650 442 1682 there
459 1652 487 1682 is
504 1661 525 1682 a
540 1650 666 1682 lacuna
687 1652 722 1682 in
747 1650 788 1687 B,
806 1652 841 1682 in
862 1650 977 1682 which
997 1653 1112 1682 traces
1135 1650 1176 1681 of
1195 1660 1216 1681 a
1238 1651 1381 1691 corrupt

193 1696 269 1725 text
285 1705 349 1725 can
367 1694 411 1725 be
428 1693 531 1725 made
547 1696 619 1726 out.

246 1736 259 1756 ²
282 1737 477 1768 adiecerunt
494 1737 582 1768 later
599 1735 702 1769 MSS.
720 1750 728 1773 ;
752 1737 924 1769 adicerent
943 1735 980 1767 B.

246 1819 260 1833 Π
286 1812 319 1844 It
342 1814 371 1844 is
402 1812 566 1844 doubtful
592 1813 750 1844 whether
780 1812 850 1844 this
882 1822 953 1844 was
978 1812 1039 1843 the
1066 1822 1170 1843 name
1197 1812 1237 1844 of
1263 1823 1285 1843 a
1308 1812 1379 1844 real

193 1866 333 1897 person,
360 1867 398 1887 or
428 1867 449 1887 a
479 1866 574 1887 mere
607 1855 708 1888 “Joe
740 1855 884 1887 Miller”
915 1857 1002 1897 type
1032 1856 1123 1886 from
1153 1855 1214 1887 the
1245 1855 1380 1887 Fabula

194 1899 368 1930 Atellana.
416 1898 491 1930 The
521 1898 703 1931 character
739 1900 774 1930 in
810 1898 964 1935 Horace,
1005 1898 1072 1939 Ep.
1107 1900 1140 1930 ii.
1178 1901 1205 1930 1.
1242 1900 1315 1935 173,
1349 1899 1378 1930 is

193 1942 364 1983 certainly
387 1941 448 1973 the
465 1942 591 1979 latter3
615 1941 686 1973 and
701 1941 762 1973 the
785 1943 978 1982 testimony
995 1942 1035 1973 of
1056 1941 1159 1983 Pliny
1175 1941 1287 1982 (NH.
1307 1942 1374 1973 xiv.

196 1984 261 2058 151).
279 1985 357 2059 g'lho
374 1988 499 2026 quotes
515 1996 536 2016 a
559 1985 628 2016 line
649 1985 739 2017 from
763 1996 784 2016 a
806 1984 889 2026 play
905 1984 1017 2016 called
1040 1984 1253 2021 Acharistio,
1271 1985 1300 2016 is
1317 1987 1379 2017 not

193 2037 229 2058 re
245 2037 277 2058 la
317 2038 346 2060 e.

197 2082 272 2116 382
