1434 2333
357 94 473 131 THE
502 92 758 131 EPISTLES
789 92 860 129 OF
890 91 1102 130 SENECA

201 183 368 221 Interim
388 185 593 219 temeritas
614 186 676 219 est
695 181 898 227 damnare,
918 180 1024 231 quod
1044 183 1206 218 nescias.
1267 180 1323 216 At

132 237 232 274 illud
253 239 340 281 scis,
360 249 478 286 quam
499 236 635 272 multis
655 235 764 272 utilis
785 239 848 279 sit,
869 248 987 285 quam
1011 234 1158 271 multos
1179 234 1324 271 liberet

133 293 357 335 tormentis,
407 295 603 339 egestate,
655 289 856 339 querellis,
909 288 1124 338 suppliciis,
1177 288 1321 325 taedio.

136 345 225 380 Non
255 357 389 381 sumus
417 347 457 380 in
488 343 605 380 ullius
635 348 850 393 potestate,
871 356 959 379 cum
990 355 1092 379 mors
1121 345 1162 378 in
1191 347 1326 378 nostra

134 403 334 447 potestate
355 401 416 434 sit.
476 397 596 434 VALE.

675 517 787 554 XCII

408 606 561 643 SENECA
592 606 752 644 chmo
782 619 848 643 svo
878 618 1050 643 SALVTEM

95 689 109 725 l
206 686 320 731 Puto,
349 689 455 722 inter
487 699 551 722 me
581 690 703 735 teque
733 688 947 722 conveniet
978 690 1143 722 externa
1177 687 1329 734 corpori

136 740 303 790 adquiri,
324 753 464 788 corpus
485 742 525 775 in
551 739 743 776 honorem
769 742 890 775 animi
912 739 1000 784 coli,
1020 741 1061 775 in
1087 741 1219 775 animo
1243 751 1329 775 esse

137 799 269 843 partes
316 796 528 839 ministras,
576 806 648 842 per
693 806 790 842 quas
841 806 1047 830 movemur
1095 792 1330 842 alimurque,

136 853 300 897 propter
344 850 473 896 ipsum
522 847 740 896 principale
792 848 906 883 nobis
955 847 1077 883 datas.
1156 846 1203 882 In
1254 845 1329 882 hoc

137 901 341 951 principali
381 906 440 937 est
479 901 628 950 aliquid
668 901 916 946 inrationale,
949 906 1010 937 est
1049 905 1091 937 et
1124 900 1326 937 rationale.

139 955 243 992 Illud
281 955 374 991 huic
413 957 546 1000 servit,
585 954 659 991 hoc
698 968 821 991 unum
860 960 935 1000 est,
973 954 1079 1004 quod
1126 954 1203 990 alio
1250 967 1327 990 non

136 1009 319 1054 refertur,
344 1008 413 1045 sed
440 1011 571 1045 onmia
597 1009 646 1045 ad
673 1022 714 1045 se
740 1009 891 1045 refert.1
952 1009 1052 1045 Nam
1078 1008 1144 1044 illa
1171 1021 1330 1058 quoque

136 1063 269 1099 divina
299 1066 397 1099 ratio
427 1063 610 1099 omnibus
640 1065 865 1112 praeposita
894 1067 967 1108 est,
997 1066 1081 1112 ipsa
1114 1062 1187 1098 sub
1220 1061 1330 1098 nullo

137 1121 224 1160 est3
255 1122 296 1153 et
326 1116 424 1153 haec
450 1121 584 1153 auten]
615 1122 749 1153 nostra
773 1117 914 1153 eadem
942 1121 1015 1161 est,
1040 1115 1158 1166 quia2
1189 1129 1237 1152 ex
1264 1115 1331 1151 illa

95 1172 116 1207 2
138 1176 209 1207 est.
269 1170 309 1207 Si
338 1170 389 1207 de
424 1170 498 1206 hoc
524 1173 630 1206 inter
659 1183 728 1206 nos
760 1173 961 1214 convenit,
992 1172 1171 1219 sequitur
1201 1174 1245 1206 ut
1279 1169 1330 1206 de

138 1224 206 1260 illo
253 1237 410 1273 quoque
459 1226 683 1268 conveniat,
721 1227 761 1259 in
810 1223 884 1260 hoc
923 1237 1002 1260 11110
1036 1226 1203 1272 positam
1245 1236 1330 1260 esse

139 1278 296 1314 beatam
324 1280 458 1322 vitam,
480 1281 524 1313 ut
544 1279 585 1312 in
615 1278 728 1313 nobis
758 1281 858 1314 ratio
888 1277 1067 1326 perfecta
1095 1280 1156 1313 sit.
1218 1277 1332 1313 Haec

138 1334 243 1368 enim
275 1330 355 1367 sola
385 1344 464 1366 non
492 1331 693 1367 submittit
720 1334 909 1376 animum,
939 1336 1018 1367 stat
1045 1335 1183 1367 contra
1208 1330 1333 1367 fortu-

138 1397 253 1428 nam3
287 1388 327 1420 in
356 1384 537 1434 quolibet
566 1397 696 1421 rerum
718 1384 855 1421 habitu
877 1385 1064 1422 securos³
1085 1389 1224 1421 servat.
1285 1384 1332 1421 Id

138 1443 272 1475 autem
296 1451 417 1474 unum
437 1438 586 1475 bonum
612 1443 685 1483 est,
706 1439 812 1488 quod
840 1452 1057 1488 numquam
1079 1438 1328 1487 defringitur.

142 1492 178 1529 Is
199 1497 271 1537 est,
288 1495 464 1541 inquam,
486 1492 627 1529 beatus
647 1505 765 1542 quem
788 1493 897 1529 nulla
918 1506 978 1529 res
999 1496 1192 1529 minorem
1213 1492 1332 1536 facit3

286 1549 295 1568 ¹
323 1549 425 1591 reffert
441 1560 461 1580 a
478 1549 566 1581 later
584 1549 659 1582 MS.
679 1549 751 1581 and
768 1549 938 1592 Madvig;
959 1551 1091 1592 passer-t
1110 1549 1184 1582 BA.

450 1592 463 1611 '2
486 1593 565 1635 quia
586 1593 674 1624 later
691 1593 794 1626 MSS.
812 1608 821 1631 ;
845 1605 930 1636 quae
952 1593 1027 1625 BA.

427 1647 560 1668 securos
576 1636 664 1668 later
681 1636 783 1670 MSS.
802 1650 810 1673 ;
833 1638 977 1669 servitus
995 1636 1070 1669 BA.

192 1720 205 1733 ‘¹
230 1713 304 1745 The
321 1713 444 1745 reader
460 1714 527 1745 will
544 1713 619 1745 find
639 1714 710 1746 this
732 1716 826 1756 topic
849 1714 988 1746 treated
1001 1717 1038 1747 at
1054 1717 1194 1756 greater
1210 1714 1332 1756 length

139 1758 173 1788 in
192 1756 356 1789 Seneca's
378 1757 423 1788 De
451 1757 527 1789 Wta
544 1758 665 1790 Beata.

193 1801 206 1819 ⁶
228 1800 300 1837 zla,
324 1800 385 1832 the
409 1800 496 1832 soul.
546 1799 613 1833 See
634 1800 818 1838 Aristotle,
833 1801 914 1833 Eth.
942 1802 962 1832 i.
993 1803 1053 1833 13:
1080 1801 1197 1833 “Itis
1215 1800 1332 1833 stated

140 1843 219 1875 ’that
248 1843 309 1875 the
334 1843 409 1876 soul
433 1843 496 1875 has
520 1846 590 1876 two
614 1847 723 1885 parts.
749 1855 817 1876 one
840 1844 1019 1876 irrational
1050 1844 1121 1876 and
1144 1844 1205 1876 the
1232 1843 1335 1876 other

141 1888 345 1928 possessing
390 1887 551 1919 reason.''
611 1887 782 1919 Aristotle
836 1887 972 1919 further
1025 1887 1227 1920 subdivides
1272 1887 1333 1919 the

140 1930 319 1961 irrational
350 1933 429 1971 part
452 1931 526 1961 into
550 1931 598 1971 (1)
629 1930 707 1962 that
732 1931 845 1962 which
870 1931 993 1963 makes
1018 1931 1072 1963 for
1101 1930 1238 1972 growth
1262 1930 1334 1962 and

142 1973 311 2007 increase,
331 1972 401 2004 and
418 1974 464 2011 (2)
482 1973 596 2005 desire
613 1973 741 2014 (which
767 1974 847 2010 will,
866 1974 1040 2009 however,
1063 1974 1155 2016 obey
1179 1974 1329 2014 reason).

144 2014 184 2046 In
202 2016 273 2047 this
290 2026 440 2057 passage
458 2015 592 2049 Seneca
608 2027 690 2050 uses
709 2022 733 2036 “
748 2017 825 2050 soul
837 2017 855 2030 ’'
871 2019 905 2049 in
924 2019 969 2049 its
986 2017 1113 2050 widest
1129 2027 1243 2050 sense.

144 2065 220 2103 446
