1434 2333
410 85 527 122 THE
557 85 812 123 EPISTLES
842 86 914 123 OF
944 85 1154 125 SENECA

187 172 311 209 multa
358 186 427 209 sua
472 186 591 209 manu
639 176 807 223 scripsit,
846 188 947 224 quae
992 175 1279 212 committenda
1322 188 1374 212 ne

185 242 374 277 ministris
404 240 566 290 quidem
593 244 671 278 suis
698 241 908 279 iudicabat.
969 242 1133 279 Nullum
1161 243 1280 280 Cosso
1305 248 1374 279 aut

186 310 381 356 privatum
402 313 601 345 secretum
620 313 690 345 aut
710 309 912 358 publicum
934 309 1112 359 elapsum
1134 315 1205 347 est.

118 376 165 413 16
255 375 396 425 Itaque
417 376 729 414 declamationes
749 380 843 414 istas
859 377 910 415 de
925 377 1058 415 medio
1078 391 1373 415 removeamus:

186 447 209 464 “
225 443 315 479 Non
332 449 393 480 est
408 447 561 480 animus
576 447 618 480 in
634 457 703 481 sua
723 449 924 493 potestate
941 446 1136 482 ebrietate
1152 445 1371 482 devinctus

185 510 535 556 Quemadmodum
551 516 682 548 musto
698 511 804 548 dolia
823 515 907 561 ipsa
922 517 1161 562 rumpuntur
1181 518 1223 550 et
1243 526 1374 558 omne,

185 578 292 628 quod
326 581 367 615 in
400 582 479 615 imo
510 582 626 624 iacet,
656 582 696 615 in
730 592 924 616 summam
958 585 1113 629 partem
1146 583 1204 618 vis
1237 580 1375 617 caloris

185 648 354 689 eiectat;
385 649 438 682 sic
464 649 554 683 vino
582 651 856 692 exaestuante,
877 647 1065 697 quicquid
1096 651 1137 683 in
1163 650 1242 684 imo
1271 650 1376 684 iacet

184 713 379 759 abditum,
418 714 580 751 effertur
618 719 659 751 et
698 714 830 763 prodit
868 717 909 751 in
946 715 1134 752 medium.
1208 715 1375 752 Onerati

185 793 293 817 mero
339 781 676 830 quemadmodum
724 795 803 818 non
851 785 1061 819 continent
1108 783 1241 818 cibum
1285 784 1376 818 vino

184 848 450 894 redundante,
481 851 535 885 ita
567 862 617 885 ne
647 854 846 886 secretum
875 849 1049 898 quidem.
1108 849 1228 895 Quod
1261 862 1375 886 suum

117 917 162 953 17
184 916 438 966 alienumque
473 921 547 962 est,
581 919 729 965 pariter
766 916 1014 953 effundunt.'’
1085 916 1164 954 Sed
1198 920 1376 966 quamvis

186 983 260 1019 hoc
295 984 419 1021 soleat
453 983 646 1029 accidere,
675 987 730 1020 ita
760 989 802 1021 et
835 984 935 1021 illud
970 984 1084 1030 solet,
1115 989 1161 1021 ut
1194 998 1284 1021 cum
1315 987 1376 1030 iis,

184 1064 281 1100 quos
311 1054 477 1088 sciamus
506 1052 696 1088 libentius
731 1052 881 1097 bibere,
911 1051 961 1088 de
995 1052 1112 1088 rebus
1145 1055 1375 1089 necessariis

184 1118 460 1156 deliberemus.
522 1119 679 1156 Falsum
709 1133 804 1168 ergo
833 1124 895 1156 est
923 1119 1010 1164 hoc,
1032 1119 1138 1169 quod
1168 1122 1374 1168 patrocinii

185 1186 270 1222 loco
309 1189 482 1235 ponitur,
521 1190 557 1223 ei
596 1190 663 1236 qui
703 1187 829 1224 soleat
867 1187 998 1224 ebrius
1036 1187 1133 1232 fieri,
1172 1200 1252 1224 non
1290 1187 1374 1223 dari

184 1257 362 1291 tacitum.

251 1321 414 1367 Quanto
445 1324 566 1358 satius
595 1327 656 1358 est
684 1327 822 1371 aperte
852 1334 1035 1358 accusare
1064 1322 1301 1358 ebrietatem
1331 1327 1373 1359 et

184 1392 279 1426 vitia
316 1392 400 1426 eius
446 1402 659 1439 exponere,
698 1402 798 1439 quae
838 1392 958 1426 etiam
997 1389 1215 1426 tolerabilis
1254 1389 1373 1426 homo

184 1460 381 1503 vitaverit,
409 1456 559 1493 nedum
588 1456 790 1506 perfectus
819 1470 864 1493 ac
896 1459 1065 1506 sapiens,
1096 1460 1158 1493 cui
1188 1460 1281 1493 satis
1311 1462 1372 1493 est

183 1528 290 1561 sitim
321 1527 571 1574 extinguere,
600 1527 680 1574 qui,
710 1527 831 1561 etiam
866 1527 896 1560 si
928 1524 1086 1573 quando
1119 1524 1278 1561 hortata
1311 1529 1371 1561 est

182 1592 359 1629 hilaritas
388 1592 517 1629 aliena
547 1606 662 1629 causa
691 1592 884 1641 producta
913 1592 1082 1641 longius,
1109 1597 1245 1628 tamen
1274 1595 1371 1628 citra

116 1665 162 1701 18
183 1660 421 1696 ebrietatem
463 1663 623 1697 resistit.
701 1660 802 1696 Nam
846 1659 897 1696 de
941 1659 1010 1695 illo
1048 1659 1282 1705 videbimus,
1321 1673 1370 1696 an

182 1731 372 1777 sapientis
393 1730 546 1764 animus
567 1730 689 1764 nimio
709 1730 800 1763 vino
826 1728 1012 1764 turbetur
1038 1732 1080 1764 et
1106 1727 1225 1764 faciat
1252 1728 1370 1764 ebriis

182 1796 320 1839 solita;
349 1798 523 1840 interim,
544 1797 574 1831 si
594 1795 671 1831 hoc
691 1795 878 1844 colligere
899 1797 955 1831 vis
976 1798 1101 1831 virum
1121 1795 1269 1831 bonum
1290 1808 1370 1831 non

182 1864 329 1900 debere
375 1863 528 1899 ebrium
572 1862 667 1908 fieri,
706 1876 775 1899 cur
819 1862 1055 1912 syllogismis
1094 1863 1206 1912 agis?
1281 1862 1369 1909 Die,

182 1945 299 1980 quam
334 1936 449 1980 turpe
484 1933 534 1967 sit
568 1930 656 1979 plus
690 1931 763 1966 sibi
796 1933 978 1979 ingerere
1012 1942 1129 1979 quam
1164 1932 1294 1978 capiat
1328 1935 1369 1967 et

181 1997 374 2034 stomachi
396 2000 452 2033 sui
482 2010 560 2033 non
586 2009 700 2033 nosse
727 2009 965 2042 mensuram,
985 2009 1101 2046 quam
1124 1997 1250 2033 multa
1271 1997 1367 2033 ebrii

183 2059 258 2097 268
