1434 2333
375 111 490 148 THE
521 110 774 148 EPISTLES
804 110 874 147 OF
904 110 1114 148 SENECA

151 202 260 235 tium.
322 199 433 235 Haec
463 199 599 235 docuit
628 199 756 235 colere
786 199 931 243 divina,
957 199 1129 235 humana
1155 199 1334 249 diligere,

150 258 192 288 et
225 266 346 300 penes
380 252 474 288 deos
508 255 717 301 imperium
755 266 854 297 esse,
888 255 993 288 inter
1031 252 1208 289 homines
1242 266 1334 289 con-

151 308 324 342 sortium.
383 306 502 351 Quod
526 306 753 355 aliquandiu
783 306 1015 342 inviolatum
1044 309 1202 351 mansit,
1222 311 1334 343 ante-

150 372 266 407 quam
305 362 535 396 societatem
578 362 740 396 avaritia
780 359 964 395 distraxit
1005 364 1047 396 et
1089 362 1333 409 paupertatis

150 425 265 447 causa
312 415 432 449 etiam
480 416 524 457 is,
571 426 668 462 quos
716 412 813 449 fecit
860 413 1202 461 locupletissimos,
1244 412 1330 449 fuit.

152 465 388 502 Desieruntl
407 469 510 502 enim
528 469 660 502 omnia
676 466 889 515 possidere,
903 466 925 502 (l
933 479 996 502 um
1012 467 1150 503 volunt
1166 469 1331 515 propria.

108 516 129 551 4
218 519 296 556 Sed
317 523 431 568 primi
453 520 676 556 mortalium
698 523 844 569 quique
862 533 909 556 ex
927 520 986 556 his
1006 523 1132 569 geniti
1153 525 1333 556 naturam

150 575 366 622 incorrupti
393 574 673 622 sequebantur,
698 573 871 609 eundem
898 573 1099 610 habebant
1126 579 1168 610 et
1191 573 1332 610 ducem

150 632 192 662 et
224 626 369 675 legem,
404 630 598 662 commissi
632 627 803 663 melioris
837 628 1008 663 arbitrio.
1069 627 1243 663 Naturae
1272 631 1333 663 est

150 682 255 715 enim
272 681 488 728 potioribus
504 680 700 716 deteriora
713 683 973 716 summittere.
1033 681 1157 717 Mutis
1172 680 1334 730 quidem

149 734 335 781 gregibus
355 739 424 770 aut
444 737 613 770 maxima
634 747 794 783 corpora
815 739 1003 782 praesunt
1026 739 1095 770 aut
1119 733 1333 770 vehemen-

148 789 307 822 tissima.
369 787 458 823 Non
502 787 706 836 praecedit
749 792 927 823 armenta
972 787 1150 836 degener
1186 792 1334 831 taurus,

149 839 218 875 sed
252 843 318 889 qui
353 841 628 890 magnitudine
663 854 706 876 ac
744 843 840 877 toris
878 845 1030 877 ceteros
1068 853 1194 877 mares
1227 843 1332 876 vicit.

150 892 464 942 Elephantorum
508 907 673 943 gregem
718 894 1005 930 excelsissimus
1049 894 1183 937 ducit3
1230 896 1336 930 iuter

149 945 328 983 homines
358 961 427 996 pro
457 948 635 983 summo2
666 952 726 983 est
759 950 964 996 optimum.
1022 947 1169 983 Animo
1199 950 1334 996 itaque

149 1006 277 1036 rector
297 1001 532 1049 eligebatur,
552 1001 722 1050 ideoque
749 1014 901 1037 summa
929 1001 1098 1037 felicitas
1125 1006 1210 1037 erat
1238 1014 1335 1049 gen-

149 1057 262 1098 tium,
278 1057 317 1089 in
335 1055 475 1103 quibus
492 1068 570 1091 non
586 1060 743 1104 poterat
765 1057 967 1103 potentior
986 1067 1072 1091 esse
1092 1057 1166 1091 nisi
1186 1054 1334 1091 melior.

149 1107 281 1143 Tut03
310 1111 415 1144 enim
445 1113 637 1158 quantum
668 1108 753 1145 vult
781 1113 928 1157 potest,
957 1111 1023 1157 qui
1055 1121 1095 1144 se
1125 1111 1199 1144 nisi
1229 1108 1336 1157 quod

149 1160 271 1197 debet
292 1175 371 1197 non
392 1167 507 1210 putat
528 1163 670 1210 posse.⁴

107 1211 128 1245 5
218 1214 291 1250 Illo
321 1228 414 1263 ergo
444 1215 612 1259 saeculo,
637 1215 742 1264 quod
772 1228 934 1251 aureum
965 1215 1191 1263 perhibent,
1212 1228 1335 1264 penes

149 1270 349 1315 sapientes
370 1267 488 1304 fuisse
509 1282 676 1317 regnum
696 1268 926 1304 Posidonius
947 1268 1105 1304 iudicat.
1168 1268 1223 1304 Hi
1244 1281 1335 1304 con-

204 1345 211 1364 ¹
237 1346 406 1377 desierunt
423 1346 512 1378 later
528 1346 630 1379 MSS.
648 1358 655 1384 ;
681 1347 885 1379 desiderium
904 1346 942 1378 B.

150 1388 300 1464 Μςέμνο
327 1400 456 1421 summo
485 1389 538 1422 ed.
567 1391 655 1422 Ven.
682 1391 816 1431 (149Q);
848 1390 1007 1431 prox-imo
1030 1399 1069 1421 or
1093 1401 1160 1431 pro
1187 1389 1335 1421 maximo

190 1454 213 1494 ⁸3
237 1458 308 1506 τίιίο
327 1474 540 1513 Buecheler3
566 1480 635 1507 toto
654 1475 681 1507 B
697 1487 704 1513 ;
730 1479 865 1507 lantum
882 1475 1012 1507 others.

201 1518 212 1536 ⁴
231 1522 335 1559 putat
350 1529 447 1559 posse
463 1528 560 1550 some
577 1518 665 1550 later
682 1518 784 1551 MSS.
802 1528 811 1556 ;
830 1523 935 1560 putat
951 1529 1016 1550 esse
1034 1518 1074 1550 B.

200 1592 213 1605 ¹¹
237 1585 410 1627 Compare
434 1586 494 1617 the
516 1586 760 1628 “knowledge
787 1586 827 1618 of
846 1585 967 1627 things
981 1585 1098 1617 divine
1121 1585 1192 1616 and
1213 1585 1334 1626 things

146 1628 276 1660 human
289 1629 296 1643 ²
324 1629 364 1660 of
376 1628 502 1661 lxxxix.
523 1632 552 1662 5.

200 1673 212 1690 ὓ
235 1671 309 1702 The
327 1676 350 1689 ‘⁴
364 1671 502 1704 Golden
520 1672 599 1713 Age
612 1672 630 1683 ''
647 1672 753 1704 motif
773 1682 844 1703 was
868 1682 889 1703 a
905 1671 1069 1713 frequent
1090 1682 1157 1702 one
1174 1672 1207 1702 in
1226 1670 1330 1703 Latin

145 1714 334 1747 literature.
384 1715 569 1756 Compare,
588 1727 664 1757 647„
683 1715 853 1752 Tibullus,
872 1717 892 1747 i.
919 1717 949 1747 3.
969 1717 1010 1746 35
1032 1715 1083 1751 ff..
1101 1713 1162 1746 the
1184 1724 1334 1755 passage

147 1757 340 1799 beginning
354 1772 361 1789 z

410 1810 503 1867 Quan÷
514 1809 584 1867 lffne
593 1810 725 1868 {aiournao
734 1809 1138 1875 xgsvtetgircigfrggg‚xpgisu'squam

506 1851 519 1867 O
545 1851 599 1868 1131
645 1851 699 1875 Ollg
718 1851 731 1867 S
881 1852 888 1867 ἰ
971 1850 976 1854 ’
1034 1862 1039 1866 .

149 1893 201 1934 Cf.
221 1896 236 1932 ἓ
253 1896 304 1930 46,
324 1894 501 1934 summing
518 1904 564 1934 up
581 1893 641 1925 the
657 1903 819 1934 message
835 1892 875 1924 of
888 1892 1052 1924 Seneca's
1069 1892 1181 1924 letter.

199 1942 210 1955 ⁰
234 1936 348 1967 While
376 1936 521 1968 modern
554 1936 766 1977 philosophy
790 1935 905 1967 would
936 1935 1106 1976 probably
1140 1934 1215 1966 side
1246 1935 1330 1966 with

147 1977 280 2010 Seneca
294 1980 411 2010 rather
427 1979 513 2011 than
527 1979 611 2010 with
629 1979 850 2015 Posidonius,
865 1980 892 2010 it
908 1980 936 2010 is
950 1979 1160 2019 interesting
1175 1980 1212 2009 to
1226 1977 1330 2008 know

147 2021 207 2052 the
224 2023 364 2063 opinion
382 2022 422 2053 of
443 2022 642 2064 Macaulay,
661 2022 740 2054 who
757 2021 858 2053 holds
877 2021 1007 2063 (Essay
1024 2032 1068 2053 on
1096 2021 1229 2061 Bacon)
1252 2020 1330 2053 that

149 2073 225 2115 396
