1434 2333
399 106 516 143 THE
545 106 799 144 EPISTLES
831 106 901 143 OF
930 105 1140 143 SENECA

173 194 302 230 xanda
318 199 360 230 et
378 193 578 230 laudanda
594 199 635 230 et
655 194 913 243 exaequanda
932 196 1094 230 summis
1114 197 1217 229 sunt.
1273 192 1364 229 Non
1433 196 1434 241 J

173 264 307 308 potest
333 258 424 303 dici,
451 258 524 294 hoc
550 271 631 294 non
659 271 744 295 esse
770 271 840 307 par
864 261 1043 295 maximis
1069 259 1231 303 bonum,
1258 257 1363 307 quod

172 324 314 360 beatae
330 326 435 360 vitae
456 323 672 360 clausulam
692 326 881 372 inposuit,
897 326 960 359 cui
975 323 1167 371 Epicurus
1188 327 1365 359 extrema
1433 313 1434 334 ³

106 396 156 432 49
175 401 270 425 voce
304 391 449 438 gratias
488 390 583 438 egit.
654 387 847 425 Permitte
883 387 994 433 mihi,
1029 387 1157 424 Lucili
1193 389 1365 423 virorum

174 456 338 502 optime,
359 453 510 503 aliquid
536 453 722 490 audacius
750 454 905 490 dicere:
937 456 967 489 si
994 453 1073 489 ulla
1098 453 1202 489 bona
1220 455 1367 489 maiora

175 531 261 555 esse
294 518 380 554 aliis
414 523 589 567 possent,
620 518 718 555 haec
752 531 841 568 ego,
871 531 973 568 quae
1006 520 1135 554 tristia
1167 517 1366 563 videntur,

175 583 360 620 mollibus
388 583 465 620 illis
494 589 535 620 et
569 583 748 621 delicatis
778 583 1066 633 praetulissem,
1096 582 1194 619 haec
1222 585 1369 618 maiora

176 648 374 685 dixissem.
435 648 563 685 Maius
584 653 645 685 est
665 651 772 685 enim
793 648 963 685 difficilia
983 647 1229 697 perfringere
1249 660 1368 697 quam

109 718 158 755 50
175 714 282 750 laeta
314 714 519 750 moderari.
579 713 731 750 Eadem
759 716 912 749 ratione
941 713 998 758 fit,
1028 715 1120 758 scio,
1150 717 1195 749 ut
1227 712 1368 762 aliquis

176 778 412 816 felicitatem
450 779 553 816 bene
593 784 634 815 et
673 784 716 815 ut
755 778 1023 814 calamitatem
1060 777 1217 814 fortiter
1253 777 1366 814 ferat.

177 845 318 894 Aeque
335 857 420 880 esse
436 843 547 880 fortis
564 849 710 893 potest,
724 847 791 893 qui
807 857 877 893 pro
890 843 992 880 vallo
1006 856 1165 880 securus
1181 843 1370 880 excubuit

177 909 295 945 nullis
334 909 513 946 hostibus
547 914 673 945 castra
707 909 997 958 temptantibus
1031 914 1073 946 et
1106 911 1174 958 qui
1212 911 1370 945 succisis

178 974 395 1023 poplitibus
433 977 473 1010 in
511 987 643 1023 genua
681 987 721 1010 se
756 977 916 1023 excepit
949 986 1024 1010 nec
1057 986 1164 1010 arma
1197 973 1370 1017 dimisit3

179 1044 203 1060 “
217 1044 346 1076 macte
367 1042 514 1076 virtute
531 1044 617 1075 esto
632 1038 652 1050 '¹
671 1039 987 1088 sanguinolentis
1001 1038 1013 1061 l
1031 1051 1079 1075 ex
1095 1041 1179 1075 acie
1199 1038 1370 1075 redeun-

180 1106 285 1141 tibus
314 1104 469 1141 dicitur.
540 1104 681 1154 Itaque
712 1104 810 1141 haec
839 1107 964 1154 magis
994 1104 1236 1140 laudaverim
1267 1104 1372 1140 bona

113 1169 158 1204 51
180 1173 354 1206 exercita
367 1175 408 1206 et
424 1169 541 1206 fortia
557 1174 598 1206 et
612 1183 701 1205 cum
716 1169 875 1206 fortuna
890 1172 1026 1205 rixata.
1077 1169 1162 1217 Ego
1175 1168 1371 1214 dubitem,

180 1239 276 1285 quin
318 1238 442 1284 magis
480 1235 637 1271 laudem
682 1240 862 1271 truncam
904 1235 1012 1270 illam
1056 1240 1097 1271 et
1138 1233 1371 1270 retorridam

181 1314 342 1337 manum
382 1300 504 1336 Mucii
543 1313 661 1349 quam
699 1300 910 1336 cuiuslibet
951 1299 1153 1336 fortissimi
1195 1299 1371 1335 salvam?

182 1365 306 1402 Stetit
332 1365 506 1402 hostium
532 1364 855 1414 flammarumque
877 1370 1129 1413 contemptor
1148 1369 1190 1401 et
1210 1377 1370 1400 manum

182 1444 291 1467 suam
333 1434 375 1467 in
415 1430 549 1467 hostili
596 1430 726 1466 foculo
773 1430 1045 1466 destillantem
1092 1431 1372 1479 perspectavit,

182 1496 309 1533 donec
332 1495 544 1540 Porsenna,
566 1497 675 1531 cuius
695 1507 847 1543 poenae
868 1493 1040 1539 favebat,
1061 1494 1209 1543 gloriae
1229 1493 1373 1530 invidit

182 1567 224 1599 et
244 1565 379 1611 iguem
400 1563 524 1596 invito
545 1562 642 1608 eripi
662 1561 784 1596 iussit.

116 1631 164 1667 52
253 1627 342 1662 Hoc
358 1626 507 1662 bonum
522 1624 660 1674 quidni
677 1624 803 1661 inter²
819 1626 943 1673 prima
957 1637 1163 1660 numerem
1179 1628 1372 1673 tantoque

275 1695 285 1714 ¹
310 1700 340 1727 et
356 1695 448 1726 after
463 1693 733 1735 sanquinolentis
749 1692 890 1724 deleted
905 1693 954 1734 by
971 1692 1274 1733 Schweighauser.

345 1738 357 1757 ²
381 1737 501 1780 quidni
517 1738 606 1769 inter
622 1737 711 1768 later
728 1735 831 1768 MSS.
849 1749 857 1772 ;
881 1736 964 1778 qnid
981 1736 1070 1767 inter
1086 1735 1211 1777 pVPb.

238 1813 253 1826 α
279 1806 444 1838 Clausala
456 1793 532 1841 has,
547 1815 679 1845 among
691 1804 792 1836 other
804 1805 1001 1845 meanings,
1013 1803 1092 1835 that
1102 1803 1142 1835 of
1158 1809 1180 1821 ‘⁶
1190 1814 1211 1835 a
1227 1798 1375 1845 period''

185 1849 346 1890 (Quintil.
367 1850 435 1899 Ylfi·
456 1849 501 1888 5).
520 1848 591 1880 and
610 1853 632 1865 ‘⁸
644 1847 705 1879 the
721 1846 899 1888 rhythmic
915 1847 1008 1878 close
1025 1847 1065 1878 of
1081 1858 1101 1878 a
1117 1847 1239 1888 period
1250 1847 1269 1858 '⁸
1284 1846 1371 1888 (Cic.

185 1893 349 1967 DebOEsdls
370 1894 497 1967 griffi?
501 1891 716 1966 >discussion
743 1933 783 1965 of
809 1932 880 1964 this
908 1932 1035 1974 phrase
1068 1943 1125 1965 see
1157 1932 1371 1975 Conington,

187 1978 366 2010 Excursus
382 1981 419 2010 to
437 1977 588 2019 Vergil's
607 1976 750 2012 Aeneid,
769 1977 813 2007 ix.
835 1978 907 2007 641.

241 2028 252 2042 ⁰
276 2021 344 2053 For
360 2021 420 2053 the
438 2023 536 2062 story
552 2030 611 2052 see
629 2019 731 2061 Livy,
749 2020 782 2051 ii.
806 2021 844 2050 12
857 2018 892 2051 ff.

191 2078 240 2110 32
