1434 2333
413 85 529 121 THE
559 82 813 121 EPISTLES
844 82 915 120 OF
944 81 1153 119 SENECA

194 187 265 209 nos
292 186 365 208 nec
398 172 489 208 ideo
518 176 650 220 partes
679 170 830 207 nostril
862 174 964 206 sunt.
1025 169 1152 205 Immo
1184 170 1215 204 si
1248 171 1381 216 partes

195 236 340 276 essent,
370 244 449 267 non
482 230 724 266 adiuvarent.
786 229 904 265 Cibus
937 228 1176 265 adiutorium
1210 228 1381 275 corporis

193 303 267 326 nec
300 295 436 326 tamen
469 302 558 338 pars
592 294 662 326 est.
725 288 885 337 Aliquid
923 287 1036 323 nobis
1075 291 1251 336 praestat
1287 297 1381 334 geo-

194 351 359 385 metriae
375 350 662 391 ministerium3
692 350 746 383 sic
771 346 1045 396 philosophiae
1065 347 1286 382 necessaria
1306 348 1380 388 est,

194 407 391 456 quomodo
424 410 498 456 ipsi
528 406 648 443 faber.
708 406 788 443 Sed
818 418 892 442 nec
926 405 990 441 hie
1019 406 1262 454 geometriae
1292 415 1380 452 pars

126 472 172 509 26
194 472 255 502 est
285 479 359 502 nec
393 465 459 502 illa
493 465 776 515 philosophiae.
840 464 1049 501 Praeterea
1083 468 1249 512 utraque
1283 461 1382 498 fines

193 538 281 561 suos
319 524 450 561 habet.
526 524 692 574 Sapiens
731 527 837 561 enim
875 536 1010 560 causas
1052 521 1293 559 naturalium
1340 525 1382 557 et

194 586 348 634 quaerit
369 589 409 621 et
430 587 553 629 novit,
574 597 740 633 quorum
763 596 950 619 numeros
976 593 1260 630 mensurasque
1287 592 1380 629 geo-

192 648 340 679 metres
370 646 622 692 persequitur
654 648 696 679 et
727 642 929 691 subputat.
989 640 1078 686 Qua
1107 643 1259 676 ratione
1289 652 1381 675 con-

193 706 302 738 stent
319 701 517 746 caelestia,
534 714 634 751 quae
651 701 728 737 illis
745 704 796 738 sit
812 703 868 737 vis
885 713 1037 750 quaeve
1053 704 1207 744 natura,
1224 701 1380 748 sapiens

193 763 290 803 scit3
333 773 466 796 cursus
501 765 542 796 et
573 773 752 796 recursus
782 765 824 796 et
853 759 1044 809 quasdam
1072 758 1381 801 observationes,

193 832 264 868 per
282 832 378 868 quas
398 818 650 856 descendunt
671 823 712 855 et
732 818 968 855 adlevantur
987 831 1032 854 ac
1057 820 1231 866 speciem
1256 819 1380 852 inter-

192 878 287 914 dum
320 881 511 914 stantium
542 878 749 927 praebent,
779 890 869 914 cum
899 876 1137 913 caelestibus
1166 880 1269 912 stare
1299 888 1379 911 non

125 941 171 978 27
191 937 323 982 liceat,
340 937 492 985 colligit
512 936 828 973 mathematicus.
888 935 1001 982 Quae
1023 948 1138 972 causa
1157 937 1199 971 in
1219 934 1381 984 speculo

192 999 385 1045 imagines
402 999 610 1045 exprimat,
626 999 725 1032 sciet
741 998 896 1045 sapiens
912 1008 920 1039 ;
950 994 1049 1031 illud
1065 995 1139 1031 tibi
1155 998 1380 1044 geometres

192 1060 326 1103 potest
363 1054 508 1100 dicere,
548 1060 742 1104 quantum
784 1055 921 1091 abesse
965 1053 1111 1090 debeat
1154 1065 1293 1102 corpus
1331 1053 1380 1088 ab

192 1116 364 1161 imagine
404 1118 446 1150 et
484 1114 608 1163 qualis
647 1113 771 1149 forma
814 1113 965 1163 speculi
1009 1112 1145 1162 quales
1187 1113 1380 1161 imagines

192 1172 343 1209 reddat.
404 1172 596 1221 Magnum
622 1185 707 1209 esse
734 1172 857 1209 solem
884 1171 1142 1221 philosophus
1173 1171 1356 1220 probabit
1371 1183 1380 1214 3

192 1236 364 1280 quantus
392 1234 455 1276 sit,
475 1230 795 1276 mathematicus,
816 1234 884 1280 qui
910 1243 981 1267 usu
1006 1230 1179 1280 quodam
1203 1235 1245 1267 et
1269 1242 1381 1266 exer-

193 1293 382 1326 citatione
431 1289 634 1338 procedit;
682 1290 751 1326 sed
800 1294 845 1326 ut
887 1289 1091 1338 procedat,
1129 1288 1382 1338 impetranda

192 1349 247 1384 illi
268 1348 463 1397 quaedam
484 1350 676 1397 principia
702 1353 805 1385 sunt.
868 1348 957 1384 Non
985 1353 1046 1384 est
1071 1352 1207 1384 autem
1234 1361 1295 1384 ars
1321 1350 1379 1383 sui

123 1412 172 1447 28
192 1410 298 1452 iuris,
319 1410 381 1444 cui
407 1410 628 1456 precarium
657 1407 964 1444 fundamentum
993 1412 1066 1443 est.
1128 1406 1380 1456 Philosophia

191 1466 245 1502 nil
270 1466 319 1502 ab
346 1466 423 1502 alio
450 1469 566 1515 petit,
587 1471 719 1502 totum
745 1479 843 1515 opus
866 1480 887 1502 a
912 1466 994 1502 solo
1024 1468 1197 1509 excitat3
1225 1465 1380 1502 mathe-

191 1528 347 1569 matice,
387 1530 430 1560 ut
469 1528 524 1561 ita
562 1525 703 1570 dicam,
742 1525 1004 1574 superficiaria
1051 1529 1122 1569 est,
1164 1528 1205 1561 in
1250 1524 1380 1561 alieno

189 1584 381 1621 aedificat.
442 1584 601 1633 Accipit
634 1587 772 1633 prima,
807 1597 974 1634 quorum
1008 1583 1203 1620 beneficio
1237 1583 1284 1620 ad
1321 1584 1379 1620 ul-

480 1676 489 1695 1
514 1677 623 1709 nostri
639 1677 805 1719 Madvig;
831 1681 967 1709 nostrae
984 1676 1088 1710 MSS.

239 1792 253 1807 α
277 1786 361 1818 This
379 1786 447 1818 line
470 1787 510 1818 of
529 1790 717 1829 argument
733 1788 908 1830 inversely
924 1788 1114 1820 resembles
1130 1787 1192 1820 the
1213 1789 1379 1820 criticism

188 1828 235 1870 by
252 1828 387 1862 Seneca
403 1830 444 1861 of
457 1829 666 1863 Posidonius
690 1832 724 1863 in
748 1831 817 1873 Ep.
836 1831 1017 1864 >ze—that
1040 1831 1101 1863 the
1125 1832 1325 1863 inventions
1342 1831 1382 1863 of

187 1872 576 1955 earblySsecgelnrcchaniffi}²
590 1874 634 1906 be
646 1874 810 1916 properly
822 1874 959 1906 termed
975 1885 995 1906 a
1008 1877 1087 1916 part
1100 1874 1140 1906 of
1152 1874 1375 1917 philosophy.

241 1964 252 1977 ⁰
276 1941 491 2000 According·
504 1962 541 1991 to
566 1943 704 1992 fioman
732 1960 810 1996 law,
835 1961 1027 2002 superficies
1056 1960 1126 1992 solo
1158 1960 1255 1997 cedit,
1283 1965 1306 1979 “
1317 1960 1379 1992 the

188 2000 347 2042 building
363 2012 448 2042 goes
465 2002 549 2034 with
567 2003 627 2034 the
643 2003 818 2044 ground.·'

188 2052 264 2089 364-
