1434 2333
91 623 140 658 20

92 1275 139 1311 21

381 112 496 148 THE
526 111 779 148 EPISTLES
810 110 880 148 OF
909 110 1119 148 SENECA

157 214 231 238 nec
257 200 366 237 aliud
393 201 541 237 bonum
570 213 688 250 quam
715 200 954 236 honestum1
975 213 1050 237 nec
1069 199 1177 236 aliud
1197 198 1344 235 malum

158 285 276 321 quam
309 277 439 321 turpe,
467 274 498 308 si
532 285 611 308 una
643 271 901 321 indepravata
938 273 1062 307 virtus
1097 275 1158 307 est
1191 274 1232 306 et
1264 269 1346 306 sola

158 348 367 391 permanet
396 345 544 379 tenoris
573 345 656 386 sui3
699 355 822 378 unum
851 347 913 378 est
941 342 1089 378 bonum
1118 343 1254 386 virtus,
1283 343 1346 376 cui

158 417 236 450 iam
255 414 450 459 accidere,
470 427 521 451 ne
543 416 593 451 sit
619 414 781 458 bonum,
801 426 882 450 non
908 417 1051 462 potest.
1111 412 1347 448 Mutationis

159 485 379 533 periculum
418 484 582 534 effugit;
627 484 798 521 stultitia
835 483 885 520 ad
933 486 1166 533 sapientiam
1205 485 1347 532 erepit,

160 559 355 606 sapientia
375 558 415 592 in
437 555 648 592 stultitiam
668 569 748 591 non
769 554 993 592 revolvitur.

227 628 334 673 Dixi,
364 630 395 664 si
426 626 527 663 forte
557 629 787 671 meministi,
817 628 1028 675 concupita
1057 625 1172 674 volgo
1202 629 1244 661 et
1271 623 1349 660 for-

158 699 309 736 midata
342 698 568 735 inconsulto
600 701 753 747 impetu
793 697 1002 747 plerosque
1042 696 1222 733 calcasse.
1284 696 1348 732 In-

159 775 302 807 ventus
341 774 414 815 est,
454 772 521 819 qui
559 768 723 805 flammis
770 771 982 817 inponeret
1027 781 1202 813 manum,
1241 769 1351 804 cuius

159 844 281 877 risum
310 854 390 877 non
419 844 729 889 interrumperet
758 844 896 884 tortor,
917 842 983 888 qui
1013 842 1054 875 in
1084 838 1223 875 funere
1251 838 1350 874 libe-

159 925 290 948 rorum
310 912 511 949 lacrimam
532 924 611 947 non
632 914 826 955 mitteret,
846 913 913 959 qui
934 912 1050 946 morti
1071 922 1151 945 non
1171 907 1351 957 trepidus

161 990 394 1021 occurreret.
472 983 595 1018 Amor
642 985 762 1027 enim,
800 981 886 1027 ira,2
934 981 1129 1030 cupiditas
1177 979 1351 1029 pericula

161 1057 491 1105 depoposcerunt.
552 1053 670 1099 Quod
692 1058 824 1102 potest
848 1054 976 1090 brevis
996 1053 1210 1088 obstinatio
1230 1053 1351 1087 animi

160 1128 292 1177 aliquo
326 1125 487 1162 stimulo
522 1127 708 1170 excitata,
737 1129 888 1174 quanto
921 1125 1045 1172 magis
1085 1125 1220 1167 virtus,
1250 1134 1350 1171 quae

161 1212 241 1235 non
270 1211 318 1235 ex
347 1200 501 1246 impetu
531 1209 605 1232 nec
635 1196 778 1240 subito,
803 1195 873 1232 sed
902 1194 1122 1243 aequaliter
1151 1193 1269 1238 valet,
1290 1195 1351 1229 cui

163 1274 402 1319 perpetuum
431 1268 550 1303 robur
579 1271 649 1304 est.
710 1266 909 1316 Sequitur,
934 1270 979 1302 ut
1008 1277 1109 1314 quae
1138 1264 1188 1300 ab
1216 1266 1352 1299 incon-

163 1341 275 1377 sultis
303 1352 420 1388 saepe
448 1341 775 1382 contemnuntur,
795 1350 817 1372 a
844 1336 1089 1385 sapientibus
1117 1347 1286 1384 semper,
1307 1347 1353 1370 ea

162 1425 236 1449 nec
270 1412 373 1448 bona
407 1412 487 1446 sint
516 1422 590 1445 nec
618 1408 731 1445 mala.
795 1407 930 1444 Unum
964 1420 1058 1456 ergo
1092 1407 1239 1442 bonum
1269 1408 1352 1454 ipsa

162 1487 286 1520 virtus
307 1487 381 1527 est,
402 1494 502 1531 quae
524 1483 629 1516 inter
649 1479 751 1515 hanc
772 1479 972 1515 fortunam
993 1482 1035 1514 et
1055 1477 1162 1513 illam
1183 1476 1351 1525 superba

162 1554 315 1591 incedit
336 1565 424 1589 cum
445 1564 590 1601 magno
611 1553 816 1599 utriusque
837 1553 1082 1597 contemptu.

231 1625 271 1662 Si
301 1623 402 1660 hanc
430 1625 660 1672 opinionem
687 1623 898 1670 receperis,
918 1619 1067 1669 aliquid
1094 1619 1242 1655 bonum
1267 1631 1353 1654 esse

162 1700 321 1747 praeter
341 1694 569 1738 honestum,
590 1692 699 1729 nulla
720 1705 800 1728 non
821 1694 944 1728 virtus
970 1690 1172 1726 laborabit.
1234 1689 1354 1725 Nulla

163 1771 270 1805 enim
287 1768 457 1816 optineri
476 1767 638 1814 poterit,
655 1766 685 1800 si
706 1766 917 1813 quicquam
934 1766 1045 1798 extra
1061 1773 1102 1797 se
1119 1762 1350 1809 respexerit.

217 1837 227 1856 1
252 1847 310 1868 uec
337 1835 436 1868 αἷὶιιιῖ
459 1835 583 1866 bonum
598 1834 665 1866 wisi
688 1834 805 1876 (quam
836 1831 974 1869 Hense)
998 1831 1184 1865 honestum,
1204 1828 1353 1860 omitted

162 1881 210 1923 by
228 1879 330 1916 VPb,
348 1880 376 1911 is
394 1877 556 1920 supplied
573 1877 621 1918 by
638 1876 698 1909 the
716 1876 850 1908 Venice
867 1875 999 1906 edition
1017 1873 1056 1905 os
1071 1875 1163 1905 1492.

215 1923 228 1943 '2
251 1934 350 1955 amor
373 1922 473 1959 enim,
491 1921 547 1953 ira
570 1920 778 1957 Chatelain3
808 1929 906 1950 amor
929 1923 945 1950 e·
968 1917 1004 1949 in
1029 1917 1081 1948 ira
1099 1915 1155 1953 V;
1179 1926 1294 1947 amore
1319 1915 1353 1947 in

162 1968 217 1999 vira
235 1967 297 1999 Pb.

569 2039 584 2053 a
608 2019 663 2075 Cf]
684 2017 877 2074 Ejsl'xxixss.
898 2032 952 2062 21.
970 2016 983 2017 7

168 2092 241 2125 158
