1434 2333
401 90 516 128 THE
546 89 801 127 EPISTLES
832 90 903 126 OF
932 89 1142 127 SENECA

175 184 391 228 utcumque
416 178 623 215 tolerabile
650 183 724 223 est,
745 177 841 214 dum
868 177 926 214 illi
955 180 1011 214 vis
1041 191 1109 214 sua
1138 183 1222 221 est;
1252 178 1361 228 quid,

175 258 265 280 cum
299 257 436 280 somno
470 246 633 280 vitiatur
666 249 708 280 et
737 256 838 293 quae
868 244 1040 281 ebrietas
1069 243 1158 289 fuit,
1188 244 1361 281 cruditas

176 309 282 345 facta
303 309 392 346 est?

108 375 155 411 22
243 374 396 424 Cogita,
412 387 508 424 quas
524 374 656 411 clades
677 374 849 411 ediderit
865 374 1023 424 publica
1040 375 1211 411 ebrietas
1226 387 1234 418 ;
1265 374 1363 411 haec

174 443 382 477 acerrimas
402 444 545 489 gentes
565 439 850 489 bellicosasque
871 439 1050 476 hostibus
1069 439 1249 485 tradidit,
1266 438 1363 476 haec

177 506 393 542 multorum
412 518 606 542 annorum
632 506 852 555 pertinaci1
879 505 986 542 bello
1015 505 1180 542 defensa
1208 507 1365 542 moenia

176 571 382 621 patefecit,
403 571 501 608 haec
522 574 887 608 contumacissimos
912 575 954 608 et
979 574 1117 620 iugum
1137 575 1365 607 recusantes

176 639 217 673 in
246 637 421 674 alienum
451 639 535 686 egit
564 637 784 683 arbitrium,
814 636 912 674 haec
946 639 1114 673 invictos
1143 639 1226 673 acie
1256 649 1364 673 mero

109 704 157 740 23
177 703 342 740 domuit.
402 702 690 749 Alexandrum,
711 706 821 740 cuius
850 703 968 740 modo
998 703 1074 740 feci
1104 705 1365 747 mentionem,

177 772 238 805 tot
254 771 410 813 itinera,
426 773 487 804 tot
508 768 670 817 proelia,
686 773 748 805 tot
768 768 932 814 hiemes,
949 782 1020 817 per
1034 782 1129 818 quas
1145 771 1249 805 victa
1263 773 1366 805 tem-

178 846 317 882 porum
338 833 593 882 locorumque
621 833 855 870 difficultate
879 836 1103 878 transierat,
1123 838 1185 870 tot
1205 832 1367 869 flumina

179 911 227 934 ex
266 901 405 947 ignoto
443 898 640 944 cadentia,
679 903 740 935 tot
778 901 899 935 maria
938 903 1069 935 tutum
1108 898 1367 940 dimiserunt;

178 966 489 1013 intemperantia
518 963 683 1000 bibendi
713 968 754 1001 et
782 963 850 1000 ille
878 963 1154 1000 Herculaneus
1174 976 1218 1000 ac
1239 962 1368 1000 fatalis

178 1029 350 1079 scyphus
370 1029 560 1066 condidit.

110 1092 159 1128 24
246 1093 360 1140 Quae
390 1095 513 1144 gloria
542 1099 603 1131 est
632 1107 772 1143 capere
801 1094 1000 1131 multum?
1059 1094 1157 1130 Cum
1177 1106 1301 1143 penes
1326 1098 1369 1130 te

178 1160 310 1209 palma
344 1159 464 1196 fuerit
499 1164 541 1196 et
569 1162 867 1209 propinationes
897 1165 984 1195 tuas
1014 1162 1127 1196 strati
1157 1172 1294 1195 somno
1323 1172 1368 1195 ac

180 1227 419 1262 vomitantes
442 1227 723 1269 recusaverint,
745 1238 834 1260 cuin
862 1230 1061 1274 superstes
1088 1227 1163 1261 toti
1190 1227 1369 1261 convivio

180 1290 313 1335 fueris,
335 1303 425 1326 cum
446 1302 583 1326 omnes
609 1292 747 1327 viceris
774 1292 922 1327 virtute
948 1289 1157 1339 magnifica
1183 1294 1226 1326 et
1250 1302 1369 1326 nemo

110 1359 159 1395 25
180 1358 260 1392 vini
281 1361 361 1392 tam
378 1368 501 1404 capax
516 1355 651 1401 fuerit,
667 1358 833 1392 vinceris
854 1369 877 1391 a
896 1355 1010 1393 dolio.
1064 1356 1117 1391 M.
1137 1356 1369 1399 Antonium,

180 1434 370 1470 magnum
391 1424 517 1457 virum
540 1425 582 1457 et
608 1423 759 1470 ingenii
785 1421 942 1466 nobilis,
963 1434 1064 1470 quae
1091 1421 1167 1457 alia
1192 1433 1254 1457 res
1281 1433 1369 1469 per-

180 1486 284 1523 didit
322 1491 364 1523 et
401 1490 442 1522 in
480 1491 666 1523 externos
706 1499 834 1522 mores
872 1499 917 1522 ac
951 1489 1046 1523 vitia
1078 1499 1160 1523 non
1195 1486 1370 1522 Romana

181 1554 337 1588 traiecit
375 1564 494 1601 quam
533 1551 703 1588 ebrietas
741 1564 816 1587 nec
851 1554 978 1587 minor
1013 1554 1103 1587 vino
1137 1551 1370 1600 Cleopatrae

181 1617 318 1654 amor?
387 1616 501 1653 Haec
535 1616 648 1652 illum
677 1628 739 1653 res
769 1615 926 1652 hostem
957 1619 1013 1653 rei
1047 1616 1242 1665 publicae,
1274 1615 1371 1652 haec

381 1701 391 1721 ¹
413 1701 585 1743 pertinaci
602 1701 690 1733 later
709 1701 811 1734 MSS.
830 1715 838 1738 ς
862 1702 1053 1743 pertinacia
1071 1701 1167 1734 VPb,

234 1800 249 1814 α
274 1793 415 1835 Lipsius
429 1795 554 1843 quotes
572 1792 779 1825 Athenaeus
792 1804 831 1825 as
845 1795 972 1834 saying
987 1793 1066 1825 that
1084 1793 1252 1825 Boeotian
1271 1793 1374 1843 silyer

181 1836 358 1912 ὶῖἕέωἳὲε
367 1836 700 1911 Ἐῖἕξιςῗέἰῖῃῖιῗζῗη
715 1836 1082 1916 5‘353353112553351
1098 1836 1373 1920 ἔιῗῖνεῗὲῗῖῗὶῗῖῗ

183 1925 252 1956 viii.
273 1925 348 1959 278,
367 1922 531 1954 declared
547 1922 627 1954 that
642 1922 703 1954 the
721 1933 824 1954 name
841 1934 912 1954 was
931 1923 1076 1954 derived
1093 1924 1184 1954 from
1200 1922 1261 1954 the
1278 1922 1374 1964 large

183 1966 330 1997 wooden
361 1965 453 1998 bowl
484 1965 638 2007 brought
665 1966 713 2007 by
739 1966 912 1998 Hercules
936 1969 973 1998 to
999 1966 1092 2008 Italy
1115 1966 1186 1998 and
1209 1965 1297 1998 used
1320 1966 1375 1997 for

183 2008 365 2041 sacrificial
382 2019 561 2050 purposes.

185 2063 260 2099 272
