1434 2333
381 119 497 156 THE
528 117 782 155 EPISTLES
812 117 884 154 OF
914 117 1125 154 SENECA

158 212 250 255 vita,
270 209 327 245 illi
358 211 478 245 vitam
508 209 687 243 ornantia
717 206 901 256 quoquel
931 209 1132 250 serviunt3
1167 211 1344 242 ceterum

156 281 206 317 ad
226 281 387 316 beatum
415 283 563 314 statum
590 277 736 321 tendit,
757 276 825 313 illo
854 276 978 321 ducit,
999 276 1067 312 illo
1096 279 1176 312 vias
1205 279 1343 325 aperit.

90 353 138 388 28
157 350 270 395 Quae
300 352 379 385 sint
408 348 522 394 mala,
543 360 643 398 quae
675 347 885 384 videantur
913 347 1103 392 ostendit,
1127 350 1346 384 vanitatem

157 423 267 457 exuit
293 420 507 464 mentibus,
532 419 601 456 dat
627 418 948 468 magnitudinem
972 418 1149 462 solidam,
1170 417 1346 454 inflatam

158 504 248 528 vero
282 496 323 527 et
357 504 405 527 ex
439 493 546 526 inani
581 493 798 539 speciosam
837 492 1030 539 reprimit,
1064 502 1138 525 nec
1176 491 1346 538 ignorari

156 565 250 598 sinit
287 564 393 598 inter
429 574 574 610 magna
611 560 707 610 quid
746 562 905 597 intersit
944 565 986 597 et
1024 559 1190 605 tumida,
1225 562 1347 596 totius

157 638 322 669 naturae
346 635 531 668 notitiam
555 645 599 667 ac
624 644 716 667 suae
743 631 876 668 tradit.
936 630 1045 676 Quid
1074 633 1154 666 sint
1183 630 1223 667 di
1253 642 1348 679 qua-

157 703 293 753 lesque
315 703 504 748 declarat,
525 703 620 752 quid
640 702 770 747 inferi,
791 702 887 752 quid
912 702 1012 738 lares
1039 707 1079 738 et
1109 703 1231 750 genii,
1252 700 1348 750 quid

157 776 198 809 in
219 773 431 810 secundam
450 776 658 809 numinum
671 772 685 795 2
702 772 868 808 formam
884 775 1039 809 animae
1056 771 1348 821 pe1·petuatae,3

158 844 225 880 ubi
245 847 477 889 consistant,
499 843 594 893 quid
614 849 749 892 agant,
770 843 865 893 quid
886 845 1051 892 possint,
1071 842 1168 892 quid
1188 841 1324 879 velint.

227 915 340 951 Haec
370 917 453 951 eius
480 917 731 951 initiamenta
755 919 861 959 sunt,
882 926 952 962 per
981 925 1082 963 quae
1112 926 1192 948 non
1221 914 1350 948 muni-

158 986 284 1035 cipale
306 999 470 1031 sacrum,
492 985 562 1022 sed
582 988 724 1035 ingens
748 984 913 1021 deorum
937 986 1113 1020 omnium
1141 982 1349 1032 templum,

159 1057 329 1093 mundus
350 1060 433 1106 ipse
454 1062 664 1102 reseratur,
685 1059 794 1093 cuius
816 1069 907 1093 vera
931 1054 1139 1092 simulacra
1160 1066 1350 1103 verasque

159 1127 279 1165 facies
295 1128 513 1165 cernendas
527 1128 541 1151 4
554 1128 756 1165 mentibus
772 1126 949 1176 protulit.
1011 1126 1113 1162 Nam
1130 1125 1180 1161 ad
1196 1129 1350 1174 specta-

92 1202 139 1239 29
161 1199 248 1235 cula
277 1204 358 1235 tam
389 1212 532 1248 magna
555 1198 679 1235 hebes
703 1201 807 1234 visus
837 1202 907 1234 est.
969 1197 1032 1233 Ad
1062 1199 1175 1233 initia
1203 1195 1350 1232 deinde

160 1283 291 1307 rerum
325 1269 429 1305 redit
462 1274 746 1318 aeternamque
776 1270 972 1304 rationem
1006 1270 1081 1303 toti
1111 1266 1278 1302 inditam
1309 1270 1351 1301 et

161 1344 239 1376 vim
273 1343 448 1376 omnium
483 1342 676 1376 seminum
713 1339 867 1387 singula
901 1341 1057 1387 proprie
1097 1337 1348 1386 figurantem.

160 1410 261 1447 Tum
295 1410 345 1447 de
383 1413 515 1446 animo
554 1413 685 1459 coepit
724 1412 937 1459 inquirere,
970 1407 1077 1444 unde
1117 1412 1235 1452 esset,
1270 1407 1350 1452 ubi,

159 1481 361 1531 quamdiu,
395 1484 436 1517 in
469 1486 566 1531 quot
601 1482 778 1517 membra
811 1480 969 1517 divisus.
1030 1479 1188 1516 Deinde
1217 1492 1239 1514 a
1269 1491 1350 1514 cor-

159 1553 318 1602 poribus
339 1565 380 1589 se
400 1552 451 1588 ad
474 1551 734 1600 incorporalia
761 1550 966 1587 transtulit
989 1552 1281 1598 veritatemque
1309 1553 1351 1585 et

161 1638 352 1714 Mslsm'tam
380 1638 543 1670 ornantia
573 1648 702 1680 qaoque
730 1636 871 1674 Hense3
911 1636 998 1668 vitae
1029 1646 1156 1678 quoque
1188 1635 1351 1667 ornantia

211 1724 224 1744 2
246 1724 427 1756 numinum
444 1724 633 1762 Erasm1183
657 1723 835 1756 nominum
853 1722 929 1755 BA.

161 1768 224 1843 H3
245 1772 467 1810 perpetuatae
509 1766 845 1808 Sehweighaeuser3
890 1766 1081 1808 pao-petitae
1127 1763 1230 1797 MSS.
1279 1763 1350 1795 and

200 1821 295 1843 ense.

213 1854 225 1873 ⁴
249 1854 433 1886 cernendas
448 1853 536 1886 later
553 1852 656 1886 MSS.
674 1864 681 1891 ;
707 1852 882 1885 cernendis
900 1851 975 1884 BA.

213 1962 227 1975 ‘¹
253 1955 414 1996 Possibly
438 1954 550 1986 either
572 1955 634 1986 the
659 1965 772 1986 names
795 1964 834 1986 or
856 1953 918 1985 the
943 1952 1203 1994 itzdiyitamenta
1227 1951 1267 1983 of
1290 1951 1351 1983 the

162 1998 257 2039 early
275 1998 412 2030 Roman
431 1997 587 2039 religion.

214 2042 226 2061 ὃ
251 2041 318 2077 1'.e.‚
337 2043 441 2079 λόγος.

164 2091 241 2129 416
