1434 2333
415 106 529 143 THE
560 106 813 144 EPISTLES
844 106 915 144 OF
944 107 1152 145 SENECA

190 205 291 241 quae
330 205 401 242 per
437 194 684 243 voluptatem
724 199 765 231 et
798 197 923 230 otium
961 197 1139 240 veniunt,
1174 208 1274 245 quae
1309 208 1375 232 ex-

191 248 391 294 cipiuntur
433 246 580 284 foribus
621 250 800 284 ornatis?
873 247 976 285 Sunt
1017 248 1211 298 quaedam
1253 251 1375 285 tristis

191 299 320 336 voltus
349 300 461 337 bona.
520 300 622 338 Sunt
650 302 843 351 quaedam
873 307 976 347 vota,
1006 315 1106 352 quae
1135 315 1214 338 non
1243 307 1376 352 gratu-

190 352 359 390 lantium
414 359 544 399 coetu,
596 355 666 392 sed
721 355 970 391 adorantium
1020 358 1375 405 venerantiumque

124 404 171 439 12
191 406 452 444 celebrantur.
512 408 574 444 Ita
600 413 644 444 tu
670 422 749 444 non
777 414 891 457 putas
922 409 1116 457 Regulum
1141 414 1311 458 optasse,
1332 414 1376 445 ut

190 459 240 495 ad
276 460 426 497 Poenos
456 464 711 510 perveniret?
768 462 895 498 Indue
929 465 1063 511 magni
1097 465 1167 498 viri
1201 465 1376 498 animum

191 518 233 549 et
270 514 320 550 ab
357 516 608 563 opinionibus
647 515 751 564 volgi
794 515 936 552 secede
976 515 1185 565 paulisper.
1258 516 1376 564 Cape,

191 572 380 616 quantam
418 568 554 614 debes,
591 571 748 605 virtutis
788 569 1077 618 pulcherrimae
1116 582 1160 605 ac
1198 569 1376 618 magnifi-

191 623 440 658 centissimae
468 625 654 671 speciem,
675 636 775 672 quae
801 623 913 658 nobis
934 636 1014 658 non
1040 628 1128 659 ture
1149 636 1223 659 nec
1250 625 1378 668 sertis,

124 670 171 706 13
190 674 260 710 sed
299 675 440 712 sudore
474 681 515 712 et
554 679 745 724 sanguine
783 676 949 712 colenda
983 681 1053 712 est.
1113 676 1286 725 Adspice
1322 676 1374 713 M.

192 727 382 764 Catonem
427 742 533 765 sacro
572 729 628 765 illi
669 733 820 778 pectori
863 733 1087 779 purissimas
1130 743 1268 766 manus
1310 729 1378 765 ad-

190 787 418 818 moventem
439 787 480 818 et
501 782 663 819 vulnera
684 796 821 831 parum
841 784 947 820 alte1
969 783 1138 820 demissa
1163 783 1373 819 laxantem.

192 834 337 871 Utrum
358 836 522 872 tandem
548 836 606 872 illi
633 837 809 872 dicturus
831 850 871 873 es
893 837 1072 873 “vellem
1096 850 1196 886 quae
1218 837 1340 874 velles
1354 837 1374 848 ''

191 893 233 925 et
253 893 277 909 “
290 889 457 926 moleste
478 889 562 926 fero
576 890 595 901 '‘
618 903 669 925 an
690 894 714 910 “
727 890 898 926 feliciter
917 890 1023 939 quod
1042 893 1125 939 agis
1140 890 1160 901 '’
1177 892 1192 926 ?

124 937 171 973 14
260 942 348 979 Hoc
390 943 476 979 loco
515 943 611 979 mihi
652 943 879 979 Demetrius
918 949 1054 980 noster
1090 946 1272 988 occurrit,
1310 946 1376 993 qui

190 999 311 1032 vitam
345 1009 521 1032 securam
556 1002 597 1033 et
630 1000 714 1033 sine
748 997 839 1032 ullis
873 996 1056 1033 fortunae
1090 997 1377 1033 incursionibus

189 1062 296 1086 mare
312 1055 512 1086 mortuum
525 1056 649 1087 vocat.
697 1050 807 1086 Nihil
823 1050 982 1095 habere,
995 1051 1045 1087 ad
1059 1051 1165 1100 quod
1181 1053 1377 1096 exciteris,

189 1103 239 1139 ad
266 1103 372 1152 quod
398 1109 439 1140 te
466 1107 653 1148 concites,
681 1107 790 1140 cuius
818 1104 1121 1141 denuntiatione
1149 1109 1191 1140 et
1220 1107 1376 1140 incursu

190 1156 418 1193 firmitatem
444 1160 564 1193 animi
590 1160 650 1194 tui
676 1162 864 1206 temptes,
885 1157 955 1194 sed
981 1161 1023 1193 in
1044 1160 1125 1194 otio
1145 1161 1377 1194 inconcusso

123 1204 169 1239 15
187 1213 315 1247 iacere
345 1224 425 1246 non
454 1216 514 1247 est
544 1211 832 1260 tranquillitas;
866 1211 1055 1247 malacia2
1085 1216 1156 1248 est.
1216 1211 1376 1248 Attalus

190 1263 345 1300 Stoicus
374 1264 506 1300 dicere
533 1264 708 1300 solebat:
738 1264 878 1300 “malo
899 1277 962 1301 me
989 1264 1147 1301 fortuna
1173 1268 1214 1301 in
1241 1268 1376 1302 castris

189 1320 267 1354 suis
288 1331 406 1367 quam
426 1320 467 1353 in
487 1317 639 1354 deliciis
660 1317 816 1354 habeat.
875 1317 1089 1367 Torqueor,
1106 1318 1174 1355 sed
1196 1318 1376 1362 fortiter;

189 1371 292 1407 bene
323 1376 391 1407 est.
453 1371 634 1416 Occidor,
665 1371 735 1408 sed
764 1371 943 1415 fortiter3
983 1372 1085 1408 bene
1115 1372 1210 1408 est.”
1270 1372 1377 1408 Audi

189 1424 418 1473 Epicurum,
438 1424 546 1461 dicet
573 1430 614 1461 et
634 1424 787 1461 “dulce
815 1425 912 1461 est.'’
971 1425 1056 1474 Ego
1077 1431 1158 1461 tam
1186 1425 1377 1462 honestae

122 1474 168 1510 16
188 1481 245 1514 rei
260 1491 304 1514 ac
317 1491 477 1515 severae
493 1492 708 1528 numquam
722 1478 841 1515 molle
857 1491 1003 1515 nomen
1018 1482 1215 1527 inponam.
1263 1479 1378 1525 Uror,

189 1590 211 1621 b
242 1546 344 1622 lizlgtg
355 1546 478 1578 Hense
490 1546 561 1578 and
575 1546 786 1584 Buecheler;
798 1549 884 1578 ‘ante
894 1547 1019 1584 Gertz;
1042 1553 1152 1579 autem
1167 1559 1208 1589 p;
1228 1548 1377 1580 omitted

213 1600 237 1632 y
347 1616 353 1622 .

243 1633 254 1651 2
278 1633 424 1665 malacia
441 1633 614 1674 (malalia)
631 1644 653 1675 p
668 1647 676 1670 ς
702 1633 834 1665 malitia
852 1633 952 1666 VPb.

242 1708 256 1722 ‘¹
280 1702 439 1734 Donaria
466 1704 502 1733 at
526 1702 588 1734 the
616 1702 719 1734 doors
743 1702 783 1733 of
811 1701 960 1743 temples
989 1701 1150 1743 signified
1180 1703 1297 1744 public
1325 1714 1376 1735 re—

185 1745 342 1787 joicing;
366 1745 409 1787 cf.
429 1744 600 1782 Tibullus,
620 1747 640 1777 i.
663 1747 702 1776 15
719 1745 742 1777 f.

449 1805 535 1829 Flava
548 1805 642 1836 Ceres,
657 1805 711 1830 tibi
725 1805 764 1829 sit
777 1806 877 1829 nostro
890 1805 924 1829 de
937 1812 1001 1829 rure
1015 1812 1117 1830 corona

480 1839 589 1870 Spicea,
604 1845 676 1869 quae
689 1838 790 1870 templi
804 1838 927 1869 pendeat
940 1841 1007 1863 aute
1021 1839 1103 1863 fores.

190 1888 320 1930 Myrtle
348 1888 538 1920 decorated
564 1888 626 1920 the
656 1888 908 1929 bridegroom's
940 1888 1153 1920 house-door
1167 1902 1175 1925 ;
1208 1889 1373 1930 garlands

187 1931 355 1963 heralded
370 1931 431 1963 the
448 1931 541 1963 birth
558 1931 598 1963 of
609 1943 630 1963 a
646 1931 740 1963 child
756 1931 934 1972 (Juvenal,
952 1933 997 1963 ix.
1018 1934 1082 1971 85).

241 1976 253 1994 ²²
279 1974 332 2016 Cf.
353 1974 467 2015 Pliny,
482 1974 579 2007 NH.
597 1976 641 2006 iv.
662 1976 710 2006 13.
761 1974 906 2006 Besides
923 1975 984 2006 the
1001 1975 1103 2006 Dead
1120 1974 1188 2007 Sea
1203 1975 1245 2007 of
1259 1974 1374 2007 Pales-

186 2019 273 2054 tine,
290 2017 352 2049 the
367 2020 458 2049 term
474 2028 546 2050 was
562 2017 704 2059 applied
719 2020 756 2050 to
773 2028 844 2059 any
861 2017 1020 2059 sluggish
1037 2018 1134 2060 body
1149 2018 1189 2050 of
1202 2020 1320 2050 water.

187 2074 238 2106 42
