1434 2333
422 87 537 124 THE
566 86 821 125 EPISTLES
853 86 923 124 OF
953 87 1165 125 SENECA

193 178 355 212 orientis
393 174 691 223 occidentisque
739 177 918 210 terminis
965 174 1101 210 finiatl
1141 173 1387 225 deorumque

194 231 271 265 ritu
322 233 465 264 cuncta
515 228 744 276 possideat,2
790 241 880 264 cum
931 228 1071 277 opibus
1117 231 1196 265 suis
1242 228 1387 266 divites

196 295 365 331 superne
395 282 602 331 despiciat,
623 294 791 331 quorum
819 294 938 318 nemo
967 287 1049 318 tam
1079 295 1148 318 suo
1174 282 1304 319 laetus
1325 288 1386 320 est

125 341 174 376 33
194 348 312 384 quam
343 338 465 372 tristis
493 335 635 372 alieno.
695 335 794 371 Cum
823 348 865 372 se
896 338 937 371 in
966 335 1068 372 hanc
1098 336 1385 373 sublimitatem

194 389 300 434 tulit,
340 392 510 437 corporis
558 402 716 438 quoque
766 389 836 425 ut3
880 392 1010 426 oneris
1057 393 1267 426 necessarii
1306 403 1386 426 non

193 448 356 487 amator,
387 442 455 479 sed
486 448 715 492 procurator
744 448 805 480 est
834 456 908 480 nec
937 457 979 480 se
1008 443 1079 489 illi,
1100 446 1161 480 cui
1191 447 1385 493 inpositus

193 501 267 541 est,
305 497 459 533 subicit.
520 496 649 533 Nemo
696 496 797 533 liber
843 502 917 542 est,
956 500 1023 547 qui
1061 500 1213 546 corpori
1252 500 1382 535 servit.

196 550 296 586 Nam
317 555 361 586 ut
381 549 476 586 alios
497 550 690 595 dominos,
711 563 808 600 quos
836 553 958 587 nimia
982 564 1051 600 pro
1071 551 1140 587 illo
1159 551 1386 588 sollicitudo

191 606 358 649 invenit,
387 609 576 649 transeas,
606 607 727 653 ipsius
764 617 962 641 morosum
1000 608 1211 654 imperium
1240 605 1386 642 delica-

123 661 171 697 34
192 662 357 706 tumque
379 662 448 694 est.
509 658 573 694 Ab
603 657 676 694 hoc
706 658 823 694 modo
843 672 972 708 aequo
991 662 1122 695 animo
1153 662 1248 704 exit,
1267 659 1386 696 modo

191 724 335 760 magno
365 711 531 760 prosilit,
560 724 635 749 nec
665 715 752 761 quis
781 712 928 749 deinde
958 712 1085 749 relicti
1116 715 1199 749 eius
1228 712 1384 750 futurus

191 767 241 801 sit
262 767 390 801 exitus
411 768 575 814 quaerit.
636 765 716 802 Sed
743 771 788 802 ut
812 779 861 803 ex
887 767 1007 802 barba
1027 766 1248 817 capilloque
1269 772 1385 804 tonsa

190 818 453 868 neglegimus,
502 822 557 856 ita
618 819 685 856 ille
733 820 889 856 divinus
949 823 1103 857 animus
1155 833 1384 870 egressurus

190 871 406 918 hominem,
435 886 512 922 quo
542 874 841 922 receptaculum
870 887 984 911 suum
1012 874 1251 919 conferatur,
1280 877 1383 924 ignis

190 925 288 962 illud
310 931 448 963 exurat
468 940 518 963 an
545 927 643 976 lapis
672 927 879 964 includat4
907 941 958 963 an
987 933 1093 964 terra
1122 933 1313 978 contegat
1332 942 1382 965 an

190 978 296 1016 ferae
326 980 562 1026 distrahant,
589 995 668 1017 non
697 985 822 1029 magis
851 981 902 1018 ad
932 995 973 1018 se
1002 982 1151 1018 iudicat
1180 985 1382 1031 pertinere

190 1046 307 1082 quam
338 1034 531 1070 secundas
560 1034 610 1071 ad
649 1035 802 1072 editum
841 1035 1048 1073 infantem.
1110 1035 1256 1073 Utrum
1294 1050 1382 1086 pro-

189 1090 337 1124 iectum
358 1101 449 1125 aves
469 1088 668 1134 differant,
688 1103 739 1125 an
759 1095 1013 1126 consumatur

489 1183 644 1216 Canibus
662 1183 746 1216 data
762 1183 893 1225 praeda
905 1184 1076 1221 marinis‚⁵

119 1278 167 1315 35
188 1267 283 1317 quid
313 1268 363 1304 ad
391 1268 517 1314 illum,
538 1272 604 1318 qui
634 1269 767 1305 nullus
797 1270 915 1306 estfi?
973 1269 1054 1306 Sed
1082 1275 1179 1306 tunc
1208 1283 1381 1320 quoque,

188 1335 278 1357 cum
298 1324 405 1358 inter
425 1321 605 1359 homines
627 1328 701 1368 est,
716 1336 796 1359 non
817 1326 935 1360 timet
954 1323 1054 1360 ullas
1067 1323 1081 1347 7
1101 1329 1191 1373 post
1211 1329 1380 1360 mortem

187 1378 312 1412 minas
333 1389 482 1421 eorum,
503 1377 645 1426 quibus
673 1390 796 1426 usque
823 1377 873 1413 ad
900 1382 1070 1414 mortem
1090 1380 1221 1414 timeri
1242 1390 1380 1427 parum

188 1434 258 1465 est.
320 1429 411 1466 Non
427 1435 641 1476 conterret,
654 1434 798 1480 inquit,
813 1444 876 1468 me
892 1444 966 1468 nec
984 1444 1108 1468 uncus
1124 1444 1198 1468 nec
1214 1434 1379 1481 proiecti

242 1533 251 1551 1
267 1533 374 1574 finiat
391 1532 479 1565 later
496 1532 601 1566 MSS.
619 1546 627 1570 ;
643 1534 712 1574 fiat
730 1533 804 1566 BA.

240 1575 252 1594 ‘⁶‘
272 1576 446 1617 poss-islant
462 1576 551 1608 later
568 1576 671 1609 MSS.
689 1590 697 1613 3
718 1577 918 1619 possideant
937 1576 1012 1609 BA.

240 1619 253 1638 ³
278 1623 313 1650 ut
331 1618 548 1656 Buecheler3
572 1621 622 1652 vel
638 1631 676 1652 or
692 1620 781 1652 velut
801 1619 877 1652 BA.

240 1663 251 1680 ⁴
275 1661 379 1694 After
395 1663 484 1694 illud
508 1663 692 1695 Rossbach
717 1663 819 1695 reads
844 1667 963 1695 murat
979 1675 1023 1695 (ιη
1048 1663 1138 1705 Iapis
1154 1663 1309 1696 includat
1332 1675 1376 1695 an

186 1708 404 1781 {erra‚N‹13tScS.;
428 1706 517 1738 illud
532 1706 687 1739 arc-ludat
706 1718 752 1738 aon
769 1711 861 1738 terra
876 1706 940 1738 BA
955 1720 963 1743 ;
988 1711 1106 1738 exural
1123 1707 1192 1749 (for
1208 1707 1378 1747 excludat)

199 1751 274 1780 ater
387 1775 393 1781 .

239 1790 251 1809 ⁵
270 1792 406 1832 praeda,
421 1792 557 1824 Latinis
572 1792 703 1834 Vergil.

239 1834 251 1853 ⁶
274 1834 331 1876 qui
348 1835 463 1866 nullus
479 1839 524 1867 est
542 1835 665 1868 Hense
680 1849 688 1872 ;
712 1836 769 1878 qui
788 1836 902 1868 nullus
920 1835 995 1868 BA.

240 1877 251 1896 ⁷
275 1881 333 1915 est,
353 1889 420 1909 non
437 1879 529 1910 timet
548 1879 636 1911 ullas
654 1878 869 1916 Buecheler;
893 1884 939 1911 est
956 1879 1049 1911 timet
1068 1879 1155 1912 ullas
1173 1878 1247 1912 BA.

216 2063 239 2100 6
536 2021 549 2034 ἰ
574 2014 706 2057 Vergil,
721 2015 867 2052 Aeneid,
886 2017 930 2048 ix.
947 2017 1019 2048 485.

189 2070 212 2100 4
244 2069 264 2101 8
