1434 2333
418 112 534 148 THE
564 112 818 150 EPISTLES
849 112 920 149 OF
949 111 1157 149 SENECA

193 199 498 242 deficientibus;
545 199 638 236 inde
681 212 856 236 morosus
899 205 960 237 est
1007 199 1246 245 stomachus,
1289 198 1383 235 inde

193 267 328 303 cuiusl
357 266 432 303 fuit
462 267 628 303 aviditas
657 268 748 312 cibi,
768 267 904 304 odium
934 273 1004 304 est.
1065 267 1273 304 Desideria
1302 269 1386 316 ipsa

192 337 424 371 moriuntur.
486 335 577 370 Non
598 340 659 371 est
678 339 814 372 autem
835 336 1022 372 acerbum
1043 348 1175 372 carere
1197 348 1256 380 eo,
1277 334 1383 384 quod

127 401 174 438 12
193 415 338 450 cupere
381 401 555 439 desieris.
633 402 774 448 Adice,
817 403 923 452 quod
964 402 1096 439 nullus
1140 416 1221 439 non
1263 405 1386 438 inter—

193 471 369 506 mittitur
405 469 518 506 dolor
550 474 619 506 aut
657 475 766 507 certe
799 473 1028 507 remittitur.
1098 470 1240 515 Adice,
1279 469 1385 519 quod

192 536 287 574 licet
308 550 446 574 cavere
463 542 675 574 venturum
692 542 733 574 et
748 538 941 574 obsistere
957 540 1170 574 inminenti
1186 537 1383 574 remediis.

196 604 337 641 Nullus
376 608 482 642 enim
522 618 602 641 non
641 608 752 655 signa
791 608 1027 655 praemittit,
1061 608 1201 655 utique
1235 607 1302 654 qui
1337 617 1385 641 ex

194 672 310 710 solito
339 676 562 709 revertitur.
622 672 854 710 Tolerabilis
885 678 945 710 est
972 674 1097 710 morbi
1127 675 1334 723 patientia,
1355 675 1388 708 si

127 740 174 777 13
194 743 480 789 contempseris
496 740 536 777 id
557 741 664 790 quod
684 745 908 778 extremum
929 744 1112 778 minatur.
1172 740 1265 777 Noli
1284 740 1388 776 mala

194 813 262 844 tua
282 808 413 845 facere
435 808 507 844 tibi
532 811 616 857 ipse
630 808 644 831 ‘2
664 811 842 858 graviora
862 814 904 845 et
931 814 972 846 te
998 808 1184 858 querellis
1211 820 1385 845 onerare.

195 875 312 912 Levis
337 881 397 912 est
424 875 548 921 dolor,
570 878 601 912 si
621 875 721 912 nihil
747 875 804 912 illi
831 879 964 925 opinio
991 876 1206 919 adiecerit3
1237 880 1388 921 contra,

193 946 224 979 si
260 943 459 980 exhortari
493 949 535 980 te
569 946 747 993 coeperis
780 957 824 980 ac
859 944 1017 981 dicere:
1058 943 1194 980 “nihil
1226 949 1287 981 est
1319 949 1389 980 aut

194 1017 302 1049 certe
325 1015 513 1061 exiguum
530 1017 601 1049 est.
662 1012 886 1056 Duremus3
915 1015 993 1049 iam
1008 1012 1228 1055 desinet’';
1258 1012 1387 1049 levem

193 1079 320 1125 illum,
337 1080 432 1116 dum
448 1085 577 1129 putas,
592 1079 722 1117 facies.
770 1080 916 1117 Omnia
932 1094 980 1117 ex
997 1083 1183 1130 opinione
1200 1093 1388 1129 suspensa

194 1152 287 1184 sunt
305 1161 314 1191 ;
342 1161 423 1184 non
439 1149 603 1184 ambitio
624 1153 782 1185 tantum
798 1148 848 1185 ad
868 1148 976 1184 illam
997 1151 1157 1198 respicit
1174 1153 1216 1185 et
1235 1148 1389 1184 luxuria

195 1221 236 1253 et
256 1218 429 1252 avaritia.
489 1215 554 1252 Ad
575 1218 803 1265 opinionem
825 1215 1016 1253 dolemus.
1075 1216 1173 1252 Tam
1194 1219 1313 1252 miser
1329 1220 1390 1252 est

127 1280 176 1317 14
194 1286 361 1333 quisque
389 1296 507 1333 quam
534 1283 715 1320 credidit.
776 1282 1056 1320 Detrahendas
1084 1286 1387 1333 praeteritorum

196 1351 376 1387 dolorum
410 1354 717 1400 conquestiones
752 1356 850 1400 puto
890 1356 932 1388 et
965 1351 1033 1388 illa
1066 1352 1209 1388 verba:
1252 1350 1389 1387 “nulli

197 1432 383 1469 umquam
418 1418 495 1455 fuit
530 1421 653 1468 peius.
723 1418 834 1464 Quos
868 1422 1077 1465 cruciatus,
1106 1424 1255 1469 quanta
1288 1418 1391 1455 mala

197 1487 365 1537 pertuli!
426 1487 555 1524 Nemo
582 1501 645 1524 nie
674 1492 941 1524 surrecturum
969 1490 1134 1536 putavit.
1193 1486 1391 1532 Quotiens

196 1554 427 1604 deploratus
451 1567 537 1590 sum
566 1568 588 1590 a
614 1557 725 1599 meis,
746 1557 931 1604 quotiens
960 1568 983 1590 a
1011 1554 1176 1591 medicis
1205 1554 1390 1591 relictus!

199 1622 246 1658 In
263 1621 445 1659 eculeum
462 1624 624 1671 inpositi
640 1634 720 1658 non
737 1624 790 1658 sic
811 1621 1117 1658 distrahuntur.3
1131 1622 1151 1633 ”
1210 1621 1344 1658 Etiam
1360 1623 1391 1657 si

197 1694 291 1726 sunt
320 1702 411 1726 vera
440 1692 528 1735 ista,
558 1692 812 1726 transierunt.
877 1688 987 1735 Quid
1016 1692 1124 1725 iuvat
1155 1691 1392 1738 praeteritos

197 1757 352 1794 dolores
394 1762 609 1794 retractare
654 1763 696 1794 et
738 1760 925 1794 miserum
970 1770 1069 1803 esse,
1108 1760 1200 1806 quia
1241 1756 1390 1793 fueris?

199 1824 320 1871 Quid,
349 1825 456 1875 quod
488 1838 607 1862 nemo
635 1838 715 1861 non
744 1825 915 1862 multum
949 1825 1062 1861 malis
1091 1828 1170 1861 suis
1198 1824 1319 1861 adicit
1350 1829 1391 1861 et

500 1937 509 1956 ¹
535 1937 630 1969 cuius
647 1937 817 1979 Madvig;
840 1937 960 1979 quibus
977 1936 1080 1970 MSS.

552 1980 565 1999 ²
590 1981 659 2023 ipse
675 1980 820 2017 Haase;
844 1981 911 2022 ipsi
928 1979 1030 2013 MSS.

327 2024 339 2043 ²³
364 2024 608 2056 distrahuntur
623 2023 712 2056 later
729 2023 831 2056 MSS.
850 2037 859 2060 ς
882 2024 1143 2065 detra(h)untur
1160 2022 1260 2055 VPb.

204 2080 276 2113 188
