1434 2333
395 122 510 159 THE
541 121 793 160 EPISTLES
823 121 894 159 OF
923 121 1131 159 SENECA

173 209 222 245 ab
251 209 319 245 illa
348 209 447 245 fiunt
481 209 644 259 quidem
672 209 749 245 alia
776 208 861 245 aliis
890 212 1058 245 rectiora
1086 214 1188 245 sunt.
1249 209 1355 245 Huic

174 283 280 316 enim
300 292 462 316 necesse
483 285 543 316 est
563 279 853 329 respondeant3
882 282 937 317 ita
957 283 1063 330 paria
1083 285 1185 317 sunt.

106 351 151 387 21
242 349 387 395 “Quid
426 350 583 399 ergo?''
623 350 783 399 inquis,1
819 352 983 387 “iacere
1022 353 1062 387 in
1101 352 1278 387 convivio
1316 355 1358 386 et

174 422 348 469 torqueri
382 422 489 468 paria
522 421 642 457 sunt?
661 420 680 432 '’
758 420 849 456 Hoc
887 423 1027 457 mirum
1067 421 1224 457 videtur
1257 420 1359 456 tibi?

177 489 281 526 Illud
297 489 391 526 licet
407 493 532 539 magis
548 490 751 527 admireris
769 504 777 534 ;
805 493 933 527 iacere
949 493 989 526 in
1006 494 1182 527 convivio
1198 490 1359 535 malum,

174 563 215 595 in
243 559 380 596 eculeo
407 560 556 596 bonum
581 560 674 605 est,‘-'
698 563 729 596 si
755 559 854 596 illud
881 564 1064 609 turpiter,
1091 560 1165 596 hoc
1192 561 1359 596 honeste

175 630 250 666 fit.3
320 630 429 666 Bona
462 633 536 667 ista
569 636 638 666 aut
676 631 777 666 mala
812 643 892 667 non
927 631 1045 667 efficit
1083 633 1260 675 materia,
1291 630 1360 666 sed

176 703 309 737 virtus.
370 701 483 736 Haec
522 701 759 750 ubicumque
793 704 985 750 apparuit,
1020 704 1151 737 omnia
1184 700 1360 737 eiusdem

107 769 157 806 22
177 784 385 807 mensurae
405 784 449 807 ac
470 774 587 820 pretii
609 777 713 807 sunt.
774 771 821 807 In
837 771 969 807 oculos
984 785 1090 807 nunc
1106 770 1203 807 mihi
1224 784 1362 807 manus

177 845 354 878 intentat
383 841 464 886 ille,
485 844 552 890 qui
579 844 755 877 omnium
783 844 959 877 animum
988 844 1173 878 aestimat
1202 854 1250 877 ex
1280 854 1363 886 suo,

178 912 284 961 quod
316 911 443 947 dicam
478 914 585 960 paria
619 912 722 947 bona
756 924 840 948 esse
874 911 1042 949 honeste
1076 912 1288 948 iudicantis
1321 917 1364 948 et

179 982 348 1018 honeste
378 981 671 1030 periclitantis,⁴
700 981 806 1031 quod
840 981 968 1018 dicam
1001 984 1108 1031 paria
1141 982 1244 1018 bona
1277 995 1362 1018 esse

179 1055 276 1097 eius,
297 1055 364 1101 qui
391 1051 624 1101 triumphat,
646 1057 687 1088 et
713 1055 809 1097 eius,
830 1055 897 1102 qui
917 1057 1010 1089 ante
1031 1065 1187 1088 currum
1208 1052 1366 1089 vehitur

179 1126 348 1159 invictus
386 1125 527 1158 animo.
601 1122 691 1157 Non
725 1127 870 1171 putant
907 1125 1013 1159 enim
1047 1122 1142 1167 fieri,
1177 1122 1364 1172 quicquid

179 1193 309 1229 facere
340 1206 420 1229 non
458 1197 647 1241 possunt;
686 1205 735 1228 ex
765 1192 995 1229 infirmitate
1030 1206 1097 1229 sua
1135 1193 1185 1229 de
1217 1195 1364 1229 virtute

112 1270 162 1307 23
180 1263 315 1300 ferunt
344 1265 594 1299 sententiam.
655 1261 763 1308 Quid
796 1265 958 1307 miraris,
990 1266 1021 1299 si
1054 1266 1126 1308 uri,
1158 1263 1366 1309 vulnerari,

180 1333 319 1378 occidi,
333 1333 485 1382 alligari
497 1335 619 1377 iuvat,
632 1332 844 1381 aliquando
857 1336 977 1369 etiam
992 1332 1113 1369 libet?
1149 1332 1366 1369 Luxurioso

181 1403 386 1453 frugalitas
421 1415 549 1452 poena
584 1407 656 1448 est,
687 1405 798 1451 pigro
826 1402 1007 1452 supplicii
1039 1403 1125 1439 loco
1156 1403 1266 1439 labor
1292 1409 1366 1448 est,

181 1474 375 1511 delicatus
433 1476 644 1510 miseretur
703 1473 900 1518 industrii,
952 1473 1148 1510 desidioso
1204 1473 1365 1510 studere

182 1547 357 1594 torqueri
391 1548 461 1580 est.
522 1542 674 1579 Eodem
712 1542 829 1579 modo
862 1543 974 1588 haec,
1007 1543 1057 1579 ad
1095 1556 1196 1593 quae
1230 1557 1366 1580 omnes

181 1614 358 1651 inbecilli
395 1626 540 1658 sumus,
580 1613 677 1649 dura
713 1617 834 1662 atque
872 1613 1120 1649 intoleranda
1159 1613 1367 1659 credimus,

182 1685 309 1730 obliti,
338 1697 456 1733 quam
488 1683 624 1719 multis
656 1688 900 1719 tormentum
932 1686 982 1719 sit
1012 1686 1102 1719 vino
1136 1696 1267 1720 carere
1297 1688 1367 1719 aut

183 1758 308 1804 prima
331 1754 419 1790 luce
441 1755 613 1790 excitari.
674 1753 764 1789 Non
794 1755 868 1789 ista
897 1752 1068 1789 difficilia
1094 1758 1186 1790 sunt
1212 1758 1366 1798 natura,

239 1849 248 1868 ¹
275 1848 386 1891 inquis
401 1847 489 1879 later
505 1846 607 1879 MSS.
625 1861 634 1884 ς
658 1847 692 1878 in
720 1847 768 1878 uit
786 1846 885 1879 VPb.

207 1890 874 1967 rssbTrissssffd2233&{niZCEZZehossssmtffi
891 1890 1071 1932 authfflsty
1095 1891 1135 1923 ⁰f
1161 1890 1232 1923 ΜΕ
1259 1889 1362 1923 MSS·

185 1936 206 1968 x
238 1979 250 1997 3
274 1978 459 2018 honestefit
475 1976 563 2008 later
579 1975 681 2008 MSS.
699 1989 707 2012 ;
731 1976 863 2008 honeste
878 1958 922 2008 'sit
938 1976 1020 2012 Vb;
1043 1977 1214 2008 honestum
1232 1977 1274 2008 sit
1293 1977 1330 2009 P.

239 2022 251 2040 ⁴
275 2025 303 2051 et
320 2021 451 2052 honeste
465 2019 694 2062 periclitantis
709 2018 825 2050 added
843 2019 889 2060 by
907 2018 1025 2051 Gertz.

188 2075 236 2115 86
