1434 2333
427 128 543 166 THE
573 128 827 166 EPISTLES
858 128 929 166 OF
958 128 1169 166 SENECA

207 216 466 266 permanendi
493 217 831 267 conservandique
858 229 900 254 se
927 220 1043 253 insita
1071 216 1252 252 voluntas
1272 220 1394 265 atque

205 294 430 340 aspernatio
468 291 750 338 dissolutionis,
789 295 880 342 quia
922 292 1080 328 videtur
1117 290 1243 327 multa
1281 291 1394 326 nobis

204 364 308 400 bona
337 368 490 414 eripere
520 370 561 402 et
590 378 661 402 nos
691 378 740 402 ex
769 365 856 410 hac,
883 368 946 402 cui
975 364 1239 409 adsuevimus,
1260 376 1391 399 rerum

205 441 318 487 copia
352 438 532 475 educere.
593 439 667 475 Illa
700 452 858 489 quoque
889 452 951 476 res
985 441 1102 475 morti
1132 451 1203 475 nos
1232 437 1395 481 alienat,

205 512 311 561 quod
350 512 448 549 haec
487 515 564 549 iam
602 515 795 558 novimus,
833 513 913 558 illa,
951 513 1000 549 ad
1044 525 1144 562 quae
1192 512 1395 548 transituri

206 599 352 631 sumus,
386 588 596 632 nescimus,
631 586 761 636 qualia
795 589 888 631 sint,
923 590 964 622 et
1003 585 1207 621 horremus
1245 587 1392 633 ignota.

206 659 406 696 Naturalis
436 665 642 709 praeterea
671 660 926 696 tenebrarum
959 664 1088 695 metus
1123 663 1196 703 est,
1226 661 1265 693 in
1300 669 1396 706 quas

137 737 184 774 16
204 733 425 770 adductura
444 747 548 769 mors
568 733 753 771 creditur.
815 733 956 782 Itaque
973 735 1094 769 etiam
1116 735 1146 768 si
1166 731 1396 768 indifferens

205 819 308 842 mors
347 811 421 852 est,
455 820 535 842 non
573 812 709 843 tamen
748 819 795 843 ea
834 812 908 851 est,
942 819 1043 856 quae
1082 805 1198 843 facile
1232 804 1395 854 neglegi

204 884 338 929 possit.
411 881 559 931 Magna
590 884 877 918 exercitatione
907 881 1108 917 durandus
1139 885 1200 917 est
1228 882 1395 924 animus,

203 960 248 991 ut
268 960 527 1004 conspectum
548 958 631 992 eius
651 968 932 1004 accessumque
954 958 1136 1004 patiatur.

273 1029 380 1064 Mors
410 1032 613 1065 contemni
644 1029 767 1066 debet
796 1032 920 1078 magis
948 1042 1065 1078 quam
1093 1028 1204 1065 solet.
1266 1027 1396 1063 Multa

204 1104 310 1138 enim
345 1102 395 1138 de
430 1102 498 1138 illa
533 1102 783 1140 credidimus.
845 1102 1065 1139 Multorum
1102 1104 1273 1151 ingeniis
1312 1113 1395 1137 eer-

202 1181 331 1212 tatum
353 1181 415 1212 est
438 1176 489 1212 ad
515 1176 740 1225 augendam
768 1178 852 1212 eius
882 1176 1095 1212 infamiam.
1158 1175 1392 1224 Descriptus

202 1254 263 1285 est
284 1262 416 1285 carcer
436 1249 615 1285 infernus
641 1255 682 1285 et
710 1254 902 1298 perpetua
923 1255 1042 1286 nocte
1064 1262 1250 1299 oppressa
1270 1253 1393 1298 regio,

203 1325 243 1357 in
265 1335 343 1371 qua

848 1391 979 1433 Ingens
996 1392 1124 1423 ianitor
1139 1390 1222 1424 Orci

375 1442 467 1476 Ossa
484 1453 589 1485 super
606 1443 778 1475 recubans
795 1446 897 1475 antro
914 1453 1051 1475 semesa
1067 1446 1224 1482 cruento,

374 1495 572 1527 Aeternum
588 1495 720 1526 latrans
737 1505 935 1536 exsangues
952 1497 1082 1526 terreat
1098 1495 1252 1527 umbras.

203 1583 335 1619 Etiam
370 1595 459 1618 cum
494 1584 732 1630 persuaseris
761 1584 855 1617 istas
885 1581 1036 1618 fabulas
1067 1595 1151 1618 esse
1181 1595 1255 1618 nec
1284 1585 1392 1631 quic-

202 1670 320 1706 quam
350 1655 551 1692 defunctis
579 1668 798 1704 superesse,
818 1656 924 1705 quod
954 1659 1137 1701 timeant,
1158 1656 1265 1692 subit
1292 1655 1392 1691 a1ius

201 1735 344 1766 metus.
404 1729 545 1778 Aeque
580 1731 685 1765 enim
716 1731 873 1774 timent,
903 1742 954 1765 ne
983 1728 1088 1777 apud
1124 1728 1269 1765 inferos
1300 1732 1391 1773 sint,

201 1815 319 1852 quam
339 1815 390 1839 ne
411 1815 614 1851 nusquam.

135 1876 181 1914 17
271 1877 346 1912 His
367 1875 680 1920 adversantibus,
701 1887 802 1924 quae
829 1875 942 1910 nobis
969 1874 1140 1911 offundit
1163 1875 1282 1924 longa
1302 1887 1389 1924 per-

200 1953 341 1994 suasio,
362 1949 520 1985 fortiter
545 1951 628 1997 pati
657 1953 827 1985 mortem
856 1947 994 1997 quidni
1024 1947 1237 1997 gloriosum
1267 1951 1318 1984 sit
1348 1953 1390 1984 et

337 2050 350 2063 ¹¹
376 2043 443 2075 See
460 2042 595 2084 Vergil,
614 2043 760 2078 Aenez'd,
780 2043 822 2074 vi.
845 2044 907 2072 400
924 2042 947 2074 f.
968 2042 1039 2073 and
1056 2044 1124 2075 viii.
1146 2045 1207 2074 ⁶296
1225 2042 1248 2074 f.

203 2100 278 2131 <250
