1434 2333
383 125 498 162 THE
530 124 783 161 EPISTLES
814 124 885 161 OF
915 124 1125 162 SENECA

159 211 356 249 medicus..
416 212 526 248 Circa
564 212 682 248 verba
720 217 934 261 occupatus
972 213 1041 249 es?
1110 210 1347 248 Iamdudum

159 271 303 319 gaude,
320 274 350 307 si
372 271 512 307 sufficis
532 271 659 307 rebus.
719 270 903 316 Quando,
923 284 1024 320 quae
1045 270 1171 307 multa
1191 270 1346 306 disces?

160 328 344 374 Quando,
366 343 466 379 quae
497 329 694 375 didiceris,
720 329 870 380 adfiges
899 330 972 366 tibi
1000 333 1068 374 ita,
1090 334 1134 365 ut
1164 328 1346 365 excidere

159 401 239 423 non
268 389 449 436 possint?
506 388 677 433 Quando
711 388 778 424 illa
807 389 1048 438 experieris?
1106 388 1197 424 Non
1226 390 1343 426 enim,

160 451 204 482 ut
239 452 385 492 cetera,
417 449 631 484 memoriae
665 447 873 484 tradidisse
907 450 1000 484 satis
1035 452 1120 490 est;
1153 449 1194 483 in
1228 458 1347 495 opere

160 506 395 554 temptanda
426 511 528 542 sunt.
588 506 680 542 Non
709 511 770 542 est
800 507 952 551 beatus,
976 509 1044 555 qui
1073 508 1147 542 scit
1174 505 1254 549 illa,
1279 504 1349 541 sed

117 573 138 608 8
159 567 226 614 qui
256 564 380 602 facit.1
438 564 582 610 “Quid
611 566 734 614 ergo?
792 565 898 601 Infra
926 565 1040 601 illum
1069 564 1169 600 nulli
1203 563 1348 613 gradus

160 624 280 660 sunt?
337 623 483 660 Statim
509 638 531 660 a
558 626 752 672 sapientia
778 637 966 673 praeceps
993 623 1117 660 est?’'
1177 623 1280 668 Non,
1305 627 1349 658 ut

160 685 352 719 existimo.
431 683 533 719 Nam
581 686 648 732 qui
695 682 862 732 proficit,
901 686 942 718 in
985 695 1149 718 numero
1187 681 1350 731 quidem

159 741 372 778 stultorum
399 747 473 787 est,
494 755 638 791 magno
665 746 801 778 tamen
827 741 1036 778 intervallo
1062 741 1111 777 ab
1137 740 1215 776 illis
1235 740 1349 776 didu-

159 803 271 837 citur.
332 800 444 837 Inter
471 803 575 849 ipsos
607 813 764 850 quoque
798 800 1050 849 proficientes
1080 805 1173 836 sunt
1206 812 1351 848 magna

159 859 394 895 discrimina.
456 859 502 894 In
541 864 621 895 tres
660 859 816 904 classes,
848 864 893 895 ut
931 858 1167 908 quibusdam
1205 858 1350 907 placet,

118 922 138 958 9
160 918 417 954 dividuntur:
465 921 581 967 primi
629 923 734 963 sunt,
774 921 841 967 qui
889 920 1125 966 sapientiam
1172 917 1349 953 nondum

161 977 324 1022 habent,
346 977 415 1013 sed
435 980 513 1012 iam
534 979 574 1012 in
595 979 737 1012 vicinia
758 980 840 1013 eius
862 979 1139 1013 constiterunt.
1199 975 1350 1012 Tamen

160 1039 281 1073 etiam
320 1036 426 1085 quod
468 1049 591 1085 prope
634 1041 708 1081 est,
747 1035 887 1072 extra?
925 1040 996 1072 est.
1074 1034 1153 1080 Qui
1193 1037 1272 1071 sint
1310 1034 1351 1070 hi

160 1098 315 1145 quaeris
331 1097 344 1131 ?
400 1095 480 1140 Qui
496 1108 633 1131 omnes
649 1098 725 1130 iam
742 1094 922 1131 adfectus
943 1108 988 1130 ac
1003 1097 1099 1130 vitia
1119 1098 1350 1142 posuerunt,

160 1168 261 1204 quae
283 1159 396 1191 erant
423 1153 739 1203 complectenda,
759 1153 999 1198 didicerunt,
1020 1152 1090 1189 sed
1117 1152 1194 1188 illis
1220 1152 1350 1188 adhuc

159 1216 368 1262 inexperta
395 1213 537 1249 fiducia
564 1218 634 1249 est.
695 1212 849 1248 Bonum
876 1225 991 1248 suum
1017 1211 1196 1247 nondum
1216 1214 1257 1247 in
1277 1224 1348 1247 usu

160 1272 324 1317 habent,
353 1275 429 1308 iam
460 1276 596 1308 tamen
625 1274 665 1307 in
694 1271 773 1316 illa,
803 1284 903 1320 quae
932 1270 1137 1320 fugerunt,
1164 1269 1350 1307 decidere

160 1345 239 1367 non
278 1336 453 1380 possunt.
524 1330 608 1366 Iam
646 1331 700 1366 ibi
738 1335 840 1376 sunt,
882 1330 989 1366 unde
1027 1342 1106 1365 non
1145 1334 1206 1365 est
1244 1334 1350 1365 retro

160 1391 305 1440 lapsus,
329 1389 400 1426 sed
428 1389 501 1425 hoc
531 1389 608 1425 illis
637 1389 687 1425 de
718 1402 758 1425 se
788 1389 965 1425 nondum
994 1388 1145 1437 liquet;
1174 1388 1280 1437 quod
1309 1391 1349 1424 in

161 1449 331 1500 quadam
370 1448 540 1498 epistula
581 1450 779 1496 scripsisse
817 1461 881 1484 me
920 1450 1096 1492 memini,
1135 1449 1270 1484 “scire
1309 1460 1349 1483 se

161 1508 383 1545 nesciunt.''
443 1507 527 1543 Iam
551 1509 721 1556 contigit
747 1507 823 1542 illis
849 1507 952 1542 bono
973 1519 1042 1543 suo
1062 1506 1152 1551 frui,
1172 1506 1349 1542 nondum

93 1570 141 1606 10
161 1567 370 1604 confidere.
420 1566 602 1611 Quidam
626 1565 700 1601 hoc
725 1565 1015 1614 proficientium
1041 1578 1181 1613 genus,
1202 1565 1252 1601 de
1273 1578 1350 1614 quo

161 1627 316 1663 locutus
347 1639 445 1671 sum,
470 1628 524 1661 ita
553 1624 886 1673 complectuntur,
912 1629 957 1660 ut
986 1623 1074 1659 illos
1103 1623 1237 1660 dicant
1272 1627 1349 1659 iarn

162 1685 345 1734 effugisse
375 1684 530 1720 morbos
559 1686 693 1729 animi,
721 1682 900 1719 adfectus
929 1682 1119 1728 nondum,
1151 1687 1191 1719 et
1220 1681 1350 1718 adhuc

419 1786 429 1804 ¹
453 1785 612 1828 quisae-it
628 1784 717 1816 later
734 1783 834 1816 MSS.
854 1797 862 1821 ς
879 1784 972 1826 facit
988 1783 1089 1816 VPb.

365 1829 378 1848 2
401 1833 494 1861 emit-(1
513 1828 601 1860 later
618 1827 718 1860 MSS.
738 1841 747 1864 ;
771 1838 808 1859 ezr
824 1838 884 1859 ora
902 1827 1015 1868 (hora)
1032 1827 1131 1859 VPb.

215 1955 229 1968 α
253 1948 486 1990 Chrysippus,
518 1947 692 1983 however,
724 1945 932 1987 recognized
962 1945 1045 1987 only
1077 1945 1138 1978 the
1171 1944 1249 1977 first
1278 1947 1349 1977 two

162 1991 305 2028 classes,
324 2002 362 2023 as
380 1991 441 2022 did
457 1991 642 2032 Epictetus
660 1991 717 2031 (iv.
738 1990 782 2030 2).

166 2053 171 2058 -
205 2036 227 2071 2²²
251 2034 319 2076 Ep.
339 2034 419 2066 lxxi.
440 2037 469 2066 4.

168 2091 242 2123 140
