1434 2333
361 110 476 147 THE
506 111 758 149 EPISTLES
788 110 858 148 OF
887 111 1096 149 SENECA

140 194 256 231 modo
273 194 285 218 1
302 200 363 232 est
376 198 498 232 virtus
515 209 522 239 ;
542 196 659 233 modo
672 202 779 234 certa
791 210 973 234 mensura
989 202 1059 234 est.
1092 197 1323 233 Constantia

138 274 218 297 non
252 262 387 307 habet,
423 275 500 312 quo
534 263 734 312 procedat,
764 277 843 300 non
876 267 1000 313 magis
1033 277 1150 313 quam
1182 263 1321 299 fiducia

138 334 208 364 aut
224 332 366 365 veritas
381 334 450 366 aut
466 330 573 367 fides.
632 331 739 376 Quid
759 331 947 368 accedere
964 331 1142 381 perfecto
1163 335 1295 379 potest
1310 330 1323 365 Ρ

142 395 264 441 Nihil,
284 401 353 432 aut
373 397 596 445 perfectum
615 411 695 434 non
715 405 811 443 erat,
832 401 894 434 cui
914 401 1087 435 accessit.
1147 398 1251 446 Ergo
1272 410 1322 432 ne

140 466 276 499 virtuti
324 463 498 513 quidem,
537 467 598 501 cui
636 467 667 500 si
713 465 809 514 quid
854 465 954 501 adici
996 470 1142 514 potest,
1181 463 1320 500 defuit.

143 530 371 566 Honestum
428 544 585 580 quoque
636 531 786 567 nullam
842 535 1106 568 accessionem
1159 534 1322 579 recipit:

140 596 353 634 honestum
374 603 435 634 est
461 601 568 634 enim
594 603 755 647 propter
780 601 868 644 ista,
887 611 988 648 quae
1009 599 1155 635 rettuli.
1216 597 1321 643 Quid

140 666 281 713 porro?
357 664 556 701 Decorum
604 670 646 702 et
690 668 836 702 iustum
885 671 926 702 et
972 665 1196 714 legitimum
1243 678 1322 701 11011

140 732 319 768 eiusdem
365 745 449 769 esse
492 732 640 769 formae
688 738 814 782 putas,
853 736 968 769 certis
1015 735 1193 770 terminis
1232 746 1322 768 con-

139 811 327 847 prensum
341 800 355 834 ?
412 799 596 837 Crescere
612 813 726 849 posse
741 800 984 850 inperfectae
1000 803 1056 836 rei
1073 803 1228 849 signum
1249 805 1319 836 est.

73 871 120 907 10
207 865 360 902 Bonum
390 879 507 903 omne
536 869 577 902 in
606 866 764 903 easdem
792 867 898 903 cadit
926 867 1060 915 leges3
1098 870 1232 902 iuncta
1262 872 1321 903 est

139 936 290 981 privata
329 938 370 970 et
408 933 567 983 publica
604 934 767 979 utilitas,
801 940 882 970 tam
919 933 1166 970 mehercules
1205 947 1321 983 quam

138 1000 399 1048 inseparabile
439 1006 500 1037 est
545 1001 788 1037 laudandum
830 1001 1138 1050 petendumque.
1216 1001 1320 1049 Ergo

137 1070 303 1103 virtutes
323 1070 429 1104 inter
448 1080 488 1104 Se
509 1080 622 1116 pares
638 1073 730 1104 sunt
750 1073 790 1104 et
811 1081 928 1117 opera
949 1070 1103 1104 virtutis
1124 1073 1165 1104 et
1186 1081 1320 1103 omnes

70 1137 112 1174 11
137 1133 331 1180 homines,
377 1135 519 1183 quibus
565 1134 656 1171 illae
704 1137 916 1183 contigere.
1000 1134 1182 1170 Satorum
1230 1148 1320 1171 vero

136 1202 444 1251 animaliumque
483 1204 649 1238 virtutes
687 1215 775 1237 cum
813 1201 998 1238 mortales
1036 1205 1127 1247 sint,
1161 1201 1319 1250 fragiles

136 1281 293 1318 quoque
341 1268 592 1317 caducaeque
644 1273 737 1304 sunt
787 1273 828 1304 et
879 1270 1063 1305 incertae.
1140 1268 1318 1305 Exiliunt

136 1334 395 1384 residuntque
424 1340 465 1372 et
495 1334 584 1371 ideo
613 1347 692 1370 non
716 1334 857 1371 eodem
885 1337 1013 1384 pretio
1037 1337 1317 1379 aestimantur3

136 1415 214 1437 una
233 1401 434 1437 inducitur
459 1401 640 1437 humanis
660 1401 870 1437 virtutibus
895 1401 1040 1451 regula.
1103 1402 1190 1437 Una
1212 1406 1316 1438 enim

136 1474 197 1505 est
217 1471 317 1505 ratio
336 1474 445 1505 recta
461 1468 716 1517 simplexque.
776 1468 884 1504 Nihil
901 1474 961 1505 est
981 1468 1113 1504 divino
1134 1469 1315 1514 divinius,

68 1542 115 1578 12
136 1535 298 1572 caelesti
342 1535 560 1571 caelestius.
641 1534 822 1570 Mortalia
867 1537 1113 1579 minuuntur,
1156 1535 1314 1581 cadunt,

135 1602 384 1648 deteruntur,
458 1606 652 1646 crescunt,
726 1600 1021 1646 exhauriuntur,
1099 1602 1311 1650 inplentur.

134 1669 276 1719 Itaque
308 1669 384 1706 illis
416 1672 458 1705 in
491 1674 571 1705 tam
609 1671 759 1704 incerta
797 1673 900 1704 sorte
938 1668 1196 1718 inaequalitas
1231 1676 1313 1713 est;

133 1738 355 1774 divinorum
382 1750 459 1773 una
485 1741 624 1772 natura
650 1740 720 1771 est.
780 1733 893 1770 Ratio
921 1740 1054 1771 autem
1083 1735 1179 1771 nihil
1207 1737 1311 1773 aliud

133 1810 194 1842 est
232 1818 349 1855 quam
382 1807 423 1840 in
457 1816 594 1852 corpus
628 1802 843 1838 humanum
880 1814 967 1850 pars
1001 1802 1123 1838 divini
1154 1806 1311 1851 spiritus

272 1905 282 1924 1
306 1906 376 1937 sine
394 1905 491 1937 modo
508 1903 647 1945 Capps;
671 1903 707 1934 in
722 1902 820 1934 modo
838 1901 938 1934 MSS.
959 1901 1028 1933 and
1046 1902 1178 1935 Hense.

430 2013 445 2027 α
468 2007 537 2042 Le„
555 2008 760 2045 constancy,
778 2003 924 2045 fidelity,
943 2006 1009 2036 etc.
