1434 2333
417 120 533 157 THE
563 118 817 156 EPISTLES
848 117 919 155 OF
947 116 1157 155 SENECA

197 207 342 244 Contra
363 210 485 243 totius
505 209 662 255 generis
684 205 847 242 humani
867 207 1073 253 opiniones
1093 203 1293 241 mittenda
1309 216 1381 239 vox

197 272 305 302 erat:
353 270 377 286 “
391 268 584 311 insanitis,
624 267 776 309 erratis,
819 267 988 313 stupetis
1033 263 1083 300 ad
1128 275 1381 312 supervacua,

196 327 397 361 neminem
417 327 636 361 aestimatis
657 337 737 360 suo.
797 323 895 359 Cum
916 322 966 359 ad
987 324 1269 372 patrimonium
1288 334 1383 358 ven-

196 389 282 420 tum
321 389 395 429 est,
433 383 729 433 diligentissimi
776 386 1057 431 conputatores
1096 384 1150 418 sic
1188 384 1381 417 rationem

196 445 341 491 ponitis
380 443 638 492 singulorum,
668 444 810 492 quibus
848 446 916 478 aut
947 443 1156 490 pecuniam
1195 440 1383 477 credituri

195 504 289 538 estis
327 506 396 538 aut
433 502 638 547 beneficia,
667 515 757 538 nam
789 502 887 538 haec
917 513 1073 550 quoque
1103 503 1179 535 iam
1210 512 1384 549 expensa

153 565 174 601 6
195 559 329 597 fertis:
378 561 458 597 late
504 561 693 610 possidet,
733 561 803 598 sed
850 559 1021 595 multum
1066 559 1213 602 debet3
1261 558 1382 595 habet

195 619 356 656 domum
400 619 623 665 formosam,
662 621 731 657 sed
778 620 918 656 alienis
965 621 1136 654 nummis
1183 623 1359 668 paratam

195 677 386 715 familiam
415 692 533 716 nemo
563 682 642 716 cito
671 682 949 729 speciosiorem
979 677 1186 726 producet,
1215 677 1286 714 sed
1314 691 1382 713 no-

195 738 368 774 minibus
388 751 469 774 non
490 738 729 787 respondet3
759 742 790 775 si
811 736 1072 775 creditoribus
1094 736 1266 782 solverit,
1282 736 1382 772 nihil

195 796 252 832 illi
273 800 479 845 supererit.
540 797 652 834 Idem
673 801 714 833 in
740 798 901 847 reliquis
928 809 1085 846 quoque
1105 795 1235 832 facere
1262 795 1383 832 debe-

195 856 301 901 bitis,
322 861 509 893 excutere
531 861 724 906 quantum
745 859 891 905 proprii
911 858 1078 905 quisque
1099 854 1283 891 habeat.'’

153 922 172 958 7
264 915 441 951 Divitem
468 915 580 951 illum
602 920 730 964 putas,
751 919 843 965 quia
862 928 979 952 aurea
1001 913 1180 963 supellex
1201 917 1323 950 etiam
1343 917 1383 949 in

194 977 255 1009 via
268 977 457 1024 sequitur,
472 978 562 1024 quia
578 977 619 1010 in
635 975 816 1011 omnibus
833 976 1043 1024 provinciis
1059 977 1155 1018 arat,
1169 976 1259 1022 quia
1275 986 1384 1022 mag-

193 1045 266 1069 nus
295 1033 502 1069 kalendari
531 1033 631 1070 liber
659 1033 841 1079 volvitur,
868 1036 959 1083 quia
988 1037 1145 1069 tantum
1172 1032 1384 1068 suburbani

193 1094 276 1141 agri
303 1092 492 1141 possidet,
513 1098 707 1142 quantum
734 1092 927 1129 invidiose
954 1095 995 1128 in
1022 1091 1189 1128 desertis
1217 1091 1384 1140 Apuliae

194 1151 425 1199 possideret.
483 1151 581 1188 Cum
601 1154 731 1187 onmia
753 1151 911 1196 dixeris,
931 1164 1083 1200 pauper
1102 1155 1172 1187 est.
1222 1149 1385 1196 Quare?

195 1209 298 1255 Quia
327 1210 461 1247 debet.
529 1210 838 1256 “Quantum?'’
871 1212 1013 1259 inquis.
1073 1210 1228 1246 Omnia.
1299 1209 1383 1245 Nisi

194 1268 296 1305 forte
318 1268 466 1305 iudicas
486 1272 691 1314 interesse,
712 1274 847 1305 utrum
873 1268 1013 1318 aliquis
1034 1268 1083 1304 ab
1110 1268 1270 1304 homine
1292 1281 1341 1303 an
1362 1282 1383 1304 a

152 1334 174 1370 8
195 1327 353 1363 fortuna
373 1332 557 1364 mutuum
577 1330 800 1377 sumpserit.
859 1327 968 1373 Quid
988 1327 1038 1363 ad
1066 1340 1150 1363 rem
1176 1330 1382 1376 pertinent

194 1385 325 1423 mulae
365 1390 566 1435 saginatae
603 1390 716 1423 unius
760 1399 897 1423 omnes
936 1385 1104 1422 coloris?
1161 1385 1270 1431 Quid
1308 1389 1383 1422 ista

194 1444 375 1481 vehicula
395 1446 572 1482 caelata?

324 1547 498 1580 Instratos
515 1550 610 1580 ostro
627 1548 782 1590 alipedes
798 1549 974 1590 pictisque
989 1549 1132 1590 tapetis,

322 1599 442 1631 Aurea
457 1599 660 1641 pectoribus
678 1599 833 1631 demissa
849 1599 993 1631 monilia
1010 1600 1180 1640 pendent,

322 1650 421 1683 Tecti
438 1661 523 1683 auro
540 1651 674 1683 fulvom
691 1651 866 1683 mandunt
882 1651 949 1683 sub
965 1650 1132 1683 dentibus
1148 1661 1284 1683 aurum.

195 1745 277 1783 Ista
288 1758 363 1783 nec
377 1745 583 1783 dominum
594 1747 800 1783 meliorem
812 1750 978 1795 possunt
992 1744 1121 1782 facere
1134 1757 1209 1781 nee
1221 1745 1381 1782 mulam.

246 1872 261 1885 α
284 1865 418 1897 Nomen
435 1867 470 1897 in
486 1865 557 1897 this
574 1876 677 1897 sense
694 1876 816 1897 means
833 1864 1013 1907 primarily
1029 1864 1090 1896 the
1113 1875 1217 1896 name
1238 1864 1384 1896 entered

194 1909 227 1939 in
253 1910 314 1939 the
345 1908 488 1950 ledger;
523 1908 758 1950 secondarily,
783 1908 845 1940 the
876 1909 962 1940 item
993 1918 1032 1940 or
1055 1909 1274 1940 transaction
1299 1907 1383 1939 with

195 1950 308 1982 which
326 1951 386 1983 the
404 1962 507 1983 name
523 1953 552 1984 is
569 1951 776 1984 connected.

248 1995 259 2013 b
282 1994 414 2036 Vergil.
433 1996 579 2032 Aeneid,
599 1997 654 2028 vii.
676 1997 737 2027 277
760 1995 813 2031 ff.‚
832 1994 1033 2036 describing
1048 1993 1110 2026 the
1125 1994 1213 2035 gists
1234 1996 1313 2026 sent
1336 1993 1382 2036 by

196 2035 291 2077 King
310 2036 458 2069 Latinus
474 2041 512 2070 to
529 2038 681 2071 Aeneas.

197 2087 273 2125 326
