1434 2333
395 146 511 184 THE
541 145 795 184 EPISTLES
825 146 896 184 OF
925 146 1136 184 SENECA

171 236 495 282 cognoverimus:
533 236 589 270 ita
617 234 779 270 demum
808 247 882 270 nec
911 237 992 270 vita
1021 234 1154 270 taedio
1183 237 1259 270 erit
1287 247 1361 270 nec

104 292 152 328 26
171 300 274 323 mors
297 290 440 323 timori.
500 287 632 324 Vitam
654 290 759 324 enim
787 301 979 337 occupare
1009 291 1170 324 satietas
1196 291 1255 324 sui
1282 301 1361 324 non

170 345 305 389 potest
326 346 386 377 tot
412 354 474 378 res
499 344 636 386 varias,
657 355 834 391 magnaS,
854 341 1005 378 divinas
1032 346 1361 391 percensentem3

169 397 210 430 in
226 395 359 431 odium
377 395 485 431 illam
501 398 559 431 sui
575 395 774 432 adducere
790 395 892 432 solet
907 398 1011 432 iners
1027 398 1163 433 otium.
1214 395 1361 432 Rerum

169 453 351 485 naturam
386 452 613 499 peragranti
646 462 861 499 numquam
899 452 941 485 in
979 449 1182 486 fastidium
1216 451 1361 486 veritas

102 507 149 544 27
170 505 328 546 veniet;
359 502 456 539 falsa
485 503 696 540 satiabunt.
758 503 903 539 Rursus
932 506 964 540 si
997 516 1101 540 mors
1133 503 1290 540 accedit
1319 507 1361 539 et

170 561 296 601 vocat,
334 556 430 593 licet
468 560 665 593 inmatura
703 559 767 601 sit,
804 556 900 593 licet
941 557 1113 593 mediam
1157 556 1361 606 praecidat

167 615 356 655 aetatem,
373 615 585 659 perceptus
602 610 854 659 longissimae
868 611 880 633 1
898 610 1049 647 fructus
1070 616 1141 647 est.
1192 610 1361 659 Cognita

168 668 229 700 est
250 663 307 699 illi
328 677 377 700 ex
397 677 541 714 magna
562 669 674 713 parte
690 669 841 700 natura.
895 663 979 700 Scit
996 669 1175 713 tempore
1192 663 1361 700 honesta

167 730 247 753 non
281 731 481 762 crescere3
515 721 561 754 iis
595 731 757 755 necesse
792 723 854 755 est
886 718 1011 754 videri
1045 731 1204 754 omnem
1237 720 1359 754 vitam

167 771 343 816 brevem,
365 775 431 821 qui
451 772 560 808 illam
586 772 857 821 voluptatibus
877 775 986 808 vanis
1016 777 1057 808 et
1084 772 1175 808 ideo
1195 771 1360 808 infinitis

167 828 399 861 metiuntur.

101 881 149 917 28
238 878 312 914 His
341 884 383 915 te
413 879 721 929 cogitationibus
750 891 886 916 recrea
918 884 961 916 et
989 881 1150 915 interim
1179 878 1360 928 epistulis

167 936 311 968 nostris
340 946 444 969 vaca.
504 932 651 969 Veniet
681 932 922 982 aliquando2
952 937 1125 981 tempus,
1153 932 1260 982 quod
1289 945 1360 969 nos

167 989 311 1022 iterum
342 989 481 1035 iungat
510 1000 554 1022 ac
584 989 772 1031 misceat3
801 986 1142 1036 quantulumlibet
1171 989 1223 1023 sit
1247 986 1361 1031 illud,

167 1040 332 1089 longum
361 1040 482 1077 faciet
510 1043 676 1077 scientia
705 1040 856 1077 utendi.
916 1040 1032 1086 Nam,
1054 1045 1098 1076 ut
1130 1039 1361 1076 Posidonius

167 1096 236 1139 ait,
252 1098 276 1114 ‘⁶
290 1107 391 1130 unus
412 1094 497 1130 dies
513 1094 719 1130 hominum
736 1094 980 1131 eruditorum
1002 1094 1089 1143 plus
1110 1098 1223 1143 patet
1242 1107 1358 1143 quam

99 1154 147 1190 29
168 1150 349 1196 inperitis
379 1148 609 1197 longissima
637 1148 785 1184 aetas.”
846 1148 1014 1184 Interim
1043 1147 1117 1184 hoc
1146 1152 1256 1193 tene,
1285 1147 1360 1184 hoc

169 1201 329 1238 morde:
358 1202 531 1238 adversis
551 1215 631 1237 non
653 1202 924 1246 succumbere,
944 1202 1060 1238 laetis
1080 1215 1159 1237 non
1184 1201 1360 1246 credere,

168 1268 327 1291 omnem
348 1255 531 1292 fortunae
552 1255 754 1291 licentiam
776 1258 817 1291 in
833 1255 955 1292 oculis
976 1255 1137 1300 habere,
1156 1260 1359 1304 tamquam

168 1308 357 1358 quicquid
391 1314 525 1358 potest
558 1309 701 1354 facere,
737 1309 889 1345 factura
922 1312 984 1345 sit.
1057 1308 1259 1358 Quicquid
1294 1322 1360 1345 ex-

169 1367 374 1411 pectatum
395 1368 456 1399 est
476 1363 558 1408 diu,
578 1363 707 1399 lenius
721 1362 735 1385 3
754 1362 919 1399 accedit.
980 1362 1099 1399 VALE.

224 1448 234 1467 1
260 1449 474 1491 lonfissimae
491 1448 660 1490 Madvig:
686 1448 878 1490 Ionyissime
894 1447 994 1481 VPb.

222 1491 236 1511 2
260 1503 352 1525 vaca.
405 1493 509 1524 reniet
545 1492 594 1523 ali
619 1492 733 1524 nando
772 1491 809 1524 P.
848 1491 1027 1528 Thomas;
1068 1491 1218 1523 vacando
1256 1491 1361 1523 reniet

169 1534 684 1610 “⁶3‘issffffziss'iiissii²32)·hiev{s
701 1577 792 1610 Mss

224 1672 238 1685 ‘¹
265 1664 421 1707 Perhaps
448 1675 469 1696 a
496 1665 750 1696 reminiscence
777 1663 818 1695 of
843 1663 1029 1695 Lucretius
1058 1664 1079 1695 i.
1108 1665 1149 1694 74-
1176 1674 1273 1695 omne
1300 1663 1362 1694 *im—

172 1719 323 1740 mensum
338 1708 541 1750 peram-avit
558 1712 666 1740 mente
683 1707 872 1748 animoque.

224 1753 237 1771 ὃ
261 1750 395 1783 Seneca
419 1751 516 1783 often
547 1753 672 1793 quotes
699 1750 919 1785 Posidonius,
945 1759 984 1781 as
1012 1748 1097 1781 does
1124 1748 1246 1781 Cicero
1273 1748 1358 1781 also.

171 1794 286 1827 These
302 1794 417 1827 words
437 1805 520 1836 may
537 1795 627 1826 have
647 1794 737 1826 been
756 1793 865 1825 taken
885 1792 976 1824 from
996 1792 1049 1824 his
1072 1794 1293 1832 Προτρεπτικοί
1310 1792 1363 1833 (or

172 1841 272 1878 Λόγοι
289 1839 538 1879 προτρεπτικοί),
558 1837 818 1873 Ε.ι·Ῐιο7·ίαίὶοη3,
835 1847 856 1867 a
873 1835 971 1867 work
994 1837 1029 1867 in
1052 1835 1166 1867 Which
1187 1835 1231 1867 he
1253 1837 1363 1867 main-

170 1881 292 1913 tained
312 1881 392 1913 that
415 1892 496 1913 men
519 1880 645 1913 should
669 1879 774 1912 make
795 1891 816 1911 a
837 1879 930 1911 close
952 1878 1061 1920 study
1076 1878 1117 1910 of
1136 1878 1361 1921 philosophy,

171 1926 205 1956 in
223 1926 315 1966 spite
331 1925 371 1956 of
383 1924 444 1957 the
462 1926 611 1967 varying
626 1924 788 1966 opinions
804 1923 845 1955 of
858 1924 901 1954 its
919 1923 1126 1964 expositors.

177 2131 249 2169 198
