<?xml version="1.0" encoding="UTF-8"?>
<!DOCTYPE html PUBLIC "-//W3C//DTD XHTML 1.0 Transitional//EN"
    "http://www.w3.org/TR/xhtml1/DTD/xhtml1-transitional.dtd">
<html xmlns="http://www.w3.org/1999/xhtml" xml:lang="en" lang="en">
 <head>
  <title>
</title>
<meta http-equiv="Content-Type" content="text/html;charset=utf-8" />
  <meta name='ocr-system' content='tesseract 3.04.00' />
  <meta name='ocr-capabilities' content='ocr_page ocr_carea ocr_par ocr_line ocrx_word'/>
</head>
<body>
  <div class='ocr_page' id='page_1' title='image "adlucilium02sene_0258.png"; bbox 0 0 1434 2333; ppageno 0'>
   <div class='ocr_carea' id='block_1_1' title="bbox 96 380 142 415">
    <p class='ocr_par' dir='ltr' id='par_1_1' title="bbox 96 380 142 415">
     <span class='ocr_line' id='line_1_1' title="bbox 96 380 142 415; baseline 0 0"><span class='ocrx_word' id='word_1_1' title='bbox 96 380 142 415; x_wconf 88' lang='lat'>10</span> 
     </span>
    </p>
   </div>
   <div class='ocr_carea' id='block_1_2' title="bbox 94 1018 137 1055">
    <p class='ocr_par' dir='ltr' id='par_1_2' title="bbox 94 1018 137 1055">
     <span class='ocr_line' id='line_1_2' title="bbox 94 1018 137 1055; baseline 0.023 -1"><span class='ocrx_word' id='word_1_2' title='bbox 94 1018 137 1055; x_wconf 91' lang='grc'>11</span> 
     </span>
    </p>
   </div>
   <div class='ocr_carea' id='block_1_3' title="bbox 382 122 1123 162">
    <p class='ocr_par' dir='ltr' id='par_1_3' title="bbox 382 122 1123 162">
     <span class='ocr_line' id='line_1_3' title="bbox 382 122 1123 162; baseline 0 0"><span class='ocrx_word' id='word_1_3' title='bbox 382 125 498 162; x_wconf 87' lang='grc' dir='ltr'>ΤΗΕ</span> <span class='ocrx_word' id='word_1_4' title='bbox 526 123 780 161; x_wconf 90' lang='lat' dir='ltr'>EPISTLES</span> <span class='ocrx_word' id='word_1_5' title='bbox 812 123 883 160; x_wconf 92' lang='lat' dir='ltr'>OF</span> <span class='ocrx_word' id='word_1_6' title='bbox 912 122 1123 162; x_wconf 77' lang='lat' dir='ltr'>SENECA</span> 
     </span>
    </p>
   </div>
   <div class='ocr_carea' id='block_1_4' title="bbox 159 212 1352 1719">
    <p class='ocr_par' dir='ltr' id='par_1_4' title="bbox 159 212 1352 1719">
     <span class='ocr_line' id='line_1_4' title="bbox 161 212 1346 258; baseline -0.002 -8"><span class='ocrx_word' id='word_1_7' title='bbox 161 214 348 250; x_wconf 82' lang='lat' dir='ltr'>movere?</span> <span class='ocrx_word' id='word_1_8' title='bbox 406 213 496 249; x_wconf 92' lang='lat' dir='ltr'>Non</span> <span class='ocrx_word' id='word_1_9' title='bbox 516 212 764 250; x_wconf 82' lang='lat' dir='ltr'><strong>mehercules</strong></span> <span class='ocrx_word' id='word_1_10' title='bbox 784 212 900 249; x_wconf 85' lang='lat' dir='ltr'>facile</span> <span class='ocrx_word' id='word_1_11' title='bbox 921 213 993 249; x_wconf 87' lang='lat' dir='ltr'>tibi</span> <span class='ocrx_word' id='word_1_12' title='bbox 1015 213 1194 258; x_wconf 83' lang='lat' dir='ltr'>dixerim,</span> <span class='ocrx_word' id='word_1_13' title='bbox 1214 218 1346 250; x_wconf 86' lang='lat' dir='ltr'>utrum</span> 
     </span>
     <span class='ocr_line' id='line_1_5' title="bbox 160 266 1350 316; baseline -0.001 -13"><span class='ocrx_word' id='word_1_14' title='bbox 160 270 333 316; x_wconf 78' lang='lat' dir='ltr'>ineptior</span> <span class='ocrx_word' id='word_1_15' title='bbox 366 266 499 312; x_wconf 85' lang='lat' dir='ltr'>fuerit,</span> <span class='ocrx_word' id='word_1_16' title='bbox 533 269 600 316; x_wconf 90' lang='lat' dir='ltr'>qui</span> <span class='ocrx_word' id='word_1_17' title='bbox 634 279 674 303; x_wconf 92' lang='lat' dir='ltr'>se</span> <span class='ocrx_word' id='word_1_18' title='bbox 709 266 781 302; x_wconf 86' lang='lat' dir='ltr'>hac</span> <span class='ocrx_word' id='word_1_19' title='bbox 815 269 1126 316; x_wconf 77' lang='lat' dir='ltr'>interrogatione</span> <span class='ocrx_word' id='word_1_20' title='bbox 1160 267 1350 304; x_wconf 83' lang='lat' dir='ltr'>iudicavit</span> 
     </span>
     <span class='ocr_line' id='line_1_6' title="bbox 160 320 1349 370; baseline -0.001 -14"><span class='ocrx_word' id='word_1_21' title='bbox 160 324 298 357; x_wconf 86' lang='lat' dir='ltr'>mortis</span> <span class='ocrx_word' id='word_1_22' title='bbox 326 326 477 357; x_wconf 86' lang='lat' dir='ltr'>metum</span> <span class='ocrx_word' id='word_1_23' title='bbox 509 323 758 369; x_wconf 82' lang='lat' dir='ltr'>extinguere,</span> <span class='ocrx_word' id='word_1_24' title='bbox 783 334 832 356; x_wconf 85' lang='lat' dir='ltr'>an</span> <span class='ocrx_word' id='word_1_25' title='bbox 862 323 929 369; x_wconf 91' lang='lat' dir='ltr'>qui</span> <span class='ocrx_word' id='word_1_26' title='bbox 959 320 1046 366; x_wconf 89' lang='lat' dir='ltr'>hoc,</span> <span class='ocrx_word' id='word_1_27' title='bbox 1067 325 1270 370; x_wconf 84' lang='lat' dir='ltr'>tamquam</span> <span class='ocrx_word' id='word_1_28' title='bbox 1298 320 1349 356; x_wconf 87' lang='lat' dir='ltr'>ad</span> 
     </span>
     <span class='ocr_line' id='line_1_7' title="bbox 160 374 1348 424; baseline 0 -14"><span class='ocrx_word' id='word_1_29' title='bbox 160 387 245 411; x_wconf 87' lang='lat' dir='ltr'>rem</span> <span class='ocrx_word' id='word_1_30' title='bbox 278 377 512 424; x_wconf 82' lang='lat' dir='ltr'>pertineret,</span> <span class='ocrx_word' id='word_1_31' title='bbox 542 379 706 411; x_wconf 86' lang='lat' dir='ltr'>conatus</span> <span class='ocrx_word' id='word_1_32' title='bbox 736 379 797 410; x_wconf 87' lang='lat' dir='ltr'>est</span> <span class='ocrx_word' id='word_1_33' title='bbox 830 374 992 411; x_wconf 85' lang='lat' dir='ltr'>solvere.</span> <span class='ocrx_word' id='word_1_34' title='bbox 1052 374 1156 410; x_wconf 83' lang='lat' dir='ltr'>Nam</span> <span class='ocrx_word' id='word_1_35' title='bbox 1190 379 1231 411; x_wconf 89' lang='lat' dir='ltr'>et</span> <span class='ocrx_word' id='word_1_36' title='bbox 1264 377 1348 423; x_wconf 89' lang='lat' dir='ltr'>ipse</span> 
     </span>
     <span class='ocr_line' id='line_1_8' title="bbox 160 431 1348 477; baseline -0.001 -13"><span class='ocrx_word' id='word_1_37' title='bbox 160 431 515 477; x_wconf 86' lang='lat' dir='ltr'>interrogationem</span> <span class='ocrx_word' id='word_1_38' title='bbox 549 431 784 464; x_wconf 88' lang='lat' dir='ltr'>contrariam</span> <span class='ocrx_word' id='word_1_39' title='bbox 818 431 1004 477; x_wconf 83' lang='lat' dir='ltr'>opposuit</span> <span class='ocrx_word' id='word_1_40' title='bbox 1036 441 1084 465; x_wconf 87' lang='lat' dir='ltr'>ex</span> <span class='ocrx_word' id='word_1_41' title='bbox 1120 441 1167 464; x_wconf 93' lang='lat' dir='ltr'>eo</span> <span class='ocrx_word' id='word_1_42' title='bbox 1200 433 1348 473; x_wconf 84' lang='lat' dir='ltr'>natam,</span> 
     </span>
     <span class='ocr_line' id='line_1_9' title="bbox 160 481 1347 531; baseline -0.001 -13"><span class='ocrx_word' id='word_1_43' title='bbox 160 481 267 531; x_wconf 91' lang='lat' dir='ltr'>quod</span> <span class='ocrx_word' id='word_1_44' title='bbox 314 487 483 518; x_wconf 86' lang='lat' dir='ltr'>mortem</span> <span class='ocrx_word' id='word_1_45' title='bbox 529 485 635 517; x_wconf 86' lang='lat' dir='ltr'>inter</span> <span class='ocrx_word' id='word_1_46' title='bbox 685 481 952 518; x_wconf 83' lang='lat' dir='ltr'>indifferentia</span> <span class='ocrx_word' id='word_1_47' title='bbox 1003 485 1199 530; x_wconf 82' lang='lat' dir='ltr'>ponimus,</span> <span class='ocrx_word' id='word_1_48' title='bbox 1246 494 1347 531; x_wconf 84' lang='lat' dir='ltr'>quae</span> 
     </span>
     <span class='ocr_line' id='line_1_10' title="bbox 160 534 1350 584; baseline 0 -13"><span class='ocrx_word' id='word_1_49' title='bbox 160 535 347 583; x_wconf 78' lang='grc' dir='ltr'>ἀδιάφορα</span> <span class='ocrx_word' id='word_1_50' title='bbox 363 536 505 572; x_wconf 85' lang='lat' dir='ltr'>Graeci</span> <span class='ocrx_word' id='word_1_51' title='bbox 521 540 673 571; x_wconf 88' lang='lat' dir='ltr'>vocant.</span> <span class='ocrx_word' id='word_1_52' title='bbox 724 539 748 555; x_wconf 88' lang='lat'><strong>“</strong></span> <span class='ocrx_word' id='word_1_53' title='bbox 762 534 870 570; x_wconf 90' lang='lat' dir='ltr'>Nihil</span> <span class='ocrx_word' id='word_1_54' title='bbox 875 535 910 580; x_wconf 88' lang='lat'>,&#39;&#39;</span> <span class='ocrx_word' id='word_1_55' title='bbox 928 538 1070 584; x_wconf 89' lang='lat' dir='ltr'>inquit,</span> <span class='ocrx_word' id='word_1_56' title='bbox 1085 539 1109 556; x_wconf 89' lang='lat'><em>“</em></span> <span class='ocrx_word' id='word_1_57' title='bbox 1121 535 1350 572; x_wconf 86' lang='lat' dir='ltr'>indifferens</span> 
     </span>
     <span class='ocr_line' id='line_1_11' title="bbox 160 588 1349 639; baseline 0 -14"><span class='ocrx_word' id='word_1_58' title='bbox 160 589 374 639; x_wconf 88' lang='lat' dir='ltr'>gloriosum</span> <span class='ocrx_word' id='word_1_59' title='bbox 395 594 480 632; x_wconf 87' lang='lat' dir='ltr'>est;</span> <span class='ocrx_word' id='word_1_60' title='bbox 510 602 612 625; x_wconf 88' lang='lat' dir='ltr'>mors</span> <span class='ocrx_word' id='word_1_61' title='bbox 632 593 767 625; x_wconf 92' lang='lat' dir='ltr'>autem</span> <span class='ocrx_word' id='word_1_62' title='bbox 783 588 996 637; x_wconf 83' lang='lat' dir='ltr'>gloriosum</span> <span class='ocrx_word' id='word_1_63' title='bbox 1018 594 1102 632; x_wconf 86' lang='lat' dir='ltr'>est;</span> <span class='ocrx_word' id='word_1_64' title='bbox 1132 602 1227 638; x_wconf 91' lang='lat' dir='ltr'>ergo</span> <span class='ocrx_word' id='word_1_65' title='bbox 1246 601 1349 625; x_wconf 90' lang='lat' dir='ltr'>mors</span> 
     </span>
     <span class='ocr_line' id='line_1_12' title="bbox 160 642 1350 691; baseline 0 -13"><span class='ocrx_word' id='word_1_66' title='bbox 160 656 241 679; x_wconf 89' lang='lat' dir='ltr'>non</span> <span class='ocrx_word' id='word_1_67' title='bbox 276 648 336 680; x_wconf 84' lang='lat' dir='ltr'>est</span> <span class='ocrx_word' id='word_1_68' title='bbox 370 642 636 679; x_wconf 45' lang='lat' dir='ltr'>indifferens?</span> <span class='ocrx_word' id='word_1_69' title='bbox 697 642 812 679; x_wconf 87' lang='lat' dir='ltr'>Haec</span> <span class='ocrx_word' id='word_1_70' title='bbox 845 645 1106 691; x_wconf 85' lang='lat' dir='ltr'>interrogatio</span> <span class='ocrx_word' id='word_1_71' title='bbox 1139 642 1249 679; x_wconf 81' lang='lat' dir='ltr'>vides</span> <span class='ocrx_word' id='word_1_72' title='bbox 1283 643 1350 678; x_wconf 92' lang='lat' dir='ltr'>ubi</span> 
     </span>
     <span class='ocr_line' id='line_1_13' title="bbox 160 695 1349 746; baseline -0.001 -13"><span class='ocrx_word' id='word_1_73' title='bbox 160 698 348 746; x_wconf 85' lang='lat' dir='ltr'>obrepat:</span> <span class='ocrx_word' id='word_1_74' title='bbox 392 709 496 732; x_wconf 81' lang='lat' dir='ltr'>mors</span> <span class='ocrx_word' id='word_1_75' title='bbox 529 709 609 732; x_wconf 87' lang='lat' dir='ltr'>non</span> <span class='ocrx_word' id='word_1_76' title='bbox 643 701 705 732; x_wconf 85' lang='lat' dir='ltr'>est</span> <span class='ocrx_word' id='word_1_77' title='bbox 742 696 923 745; x_wconf 87' lang='lat' dir='ltr'>gloriosa,</span> <span class='ocrx_word' id='word_1_78' title='bbox 957 696 1027 733; x_wconf 87' lang='lat' dir='ltr'>sed</span> <span class='ocrx_word' id='word_1_79' title='bbox 1061 695 1219 733; x_wconf 88' lang='lat' dir='ltr'>fortiter</span> <span class='ocrx_word' id='word_1_80' title='bbox 1250 699 1349 732; x_wconf 89' lang='lat' dir='ltr'>mori</span> 
     </span>
     <span class='ocr_line' id='line_1_14' title="bbox 160 749 1349 799; baseline -0.001 -13"><span class='ocrx_word' id='word_1_81' title='bbox 160 751 375 799; x_wconf 89' lang='lat' dir='ltr'>gloriosum</span> <span class='ocrx_word' id='word_1_82' title='bbox 414 755 484 787; x_wconf 83' lang='lat' dir='ltr'>est.</span> <span class='ocrx_word' id='word_1_83' title='bbox 556 750 609 786; x_wconf 90' lang='lat' dir='ltr'>Et</span> <span class='ocrx_word' id='word_1_84' title='bbox 647 763 736 786; x_wconf 91' lang='lat' dir='ltr'>cum</span> <span class='ocrx_word' id='word_1_85' title='bbox 775 749 896 786; x_wconf 86' lang='lat' dir='ltr'>dicis:</span> <span class='ocrx_word' id='word_1_86' title='bbox 945 749 1210 787; x_wconf 83' lang='lat' dir='ltr'>“indifferens</span> <span class='ocrx_word' id='word_1_87' title='bbox 1248 749 1349 786; x_wconf 90' lang='lat' dir='ltr'>nihil</span> 
     </span>
     <span class='ocr_line' id='line_1_15' title="bbox 160 803 1348 853; baseline -0.001 -14"><span class='ocrx_word' id='word_1_88' title='bbox 160 804 375 853; x_wconf 87' lang='lat' dir='ltr'>gloriosum</span> <span class='ocrx_word' id='word_1_89' title='bbox 414 803 512 849; x_wconf 86' lang='lat' dir='ltr'>est,&#39;&#39;</span> <span class='ocrx_word' id='word_1_90' title='bbox 560 803 736 840; x_wconf 89' lang='lat' dir='ltr'>concedo</span> <span class='ocrx_word' id='word_1_91' title='bbox 780 804 853 839; x_wconf 90' lang='lat' dir='ltr'>tibi</span> <span class='ocrx_word' id='word_1_92' title='bbox 891 806 959 849; x_wconf 88' lang='lat' dir='ltr'>ita,</span> <span class='ocrx_word' id='word_1_93' title='bbox 997 809 1044 840; x_wconf 90' lang='lat' dir='ltr'>ut</span> <span class='ocrx_word' id='word_1_94' title='bbox 1081 803 1210 840; x_wconf 90' lang='lat' dir='ltr'>dicam</span> <span class='ocrx_word' id='word_1_95' title='bbox 1248 803 1348 839; x_wconf 83' lang='lat' dir='ltr'>nihil</span> 
     </span>
     <span class='ocr_line' id='line_1_16' title="bbox 160 856 1348 907; baseline -0.001 -14"><span class='ocrx_word' id='word_1_96' title='bbox 160 858 373 907; x_wconf 84' lang='lat' dir='ltr'>gloriosum</span> <span class='ocrx_word' id='word_1_97' title='bbox 413 870 498 894; x_wconf 83' lang='lat' dir='ltr'>esse</span> <span class='ocrx_word' id='word_1_98' title='bbox 533 860 607 893; x_wconf 88' lang='lat' dir='ltr'>nisi</span> <span class='ocrx_word' id='word_1_99' title='bbox 642 860 743 893; x_wconf 91' lang='lat' dir='ltr'>circa</span> <span class='ocrx_word' id='word_1_100' title='bbox 781 856 1058 894; x_wconf 87' lang='lat' dir='ltr'>indifferentia.</span> <span class='ocrx_word' id='word_1_101' title='bbox 1130 857 1348 906; x_wconf 87' lang='lat' dir='ltr'>Tamquam</span> 
     </span>
     <span class='ocr_line' id='line_1_17' title="bbox 159 910 1349 956; baseline -0.001 -9"><span class='ocrx_word' id='word_1_102' title='bbox 159 911 428 948; x_wconf 84' lang='lat' dir='ltr'>indifferentia</span> <span class='ocrx_word' id='word_1_103' title='bbox 461 923 546 947; x_wconf 87' lang='lat' dir='ltr'>esse</span> <span class='ocrx_word' id='word_1_104' title='bbox 580 911 681 955; x_wconf 91' lang='lat' dir='ltr'>dico,</span> <span class='ocrx_word' id='word_1_105' title='bbox 715 910 756 947; x_wconf 92' lang='lat' dir='ltr'>id</span> <span class='ocrx_word' id='word_1_106' title='bbox 790 915 850 947; x_wconf 87' lang='lat' dir='ltr'>est</span> <span class='ocrx_word' id='word_1_107' title='bbox 884 923 958 947; x_wconf 86' lang='lat' dir='ltr'>nec</span> <span class='ocrx_word' id='word_1_108' title='bbox 992 911 1095 947; x_wconf 91' lang='lat' dir='ltr'>bona</span> <span class='ocrx_word' id='word_1_109' title='bbox 1128 924 1202 948; x_wconf 89' lang='lat' dir='ltr'>nec</span> <span class='ocrx_word' id='word_1_110' title='bbox 1233 911 1349 956; x_wconf 88' lang='lat' dir='ltr'>mala,</span> 
     </span>
     <span class='ocr_line' id='line_1_18' title="bbox 159 964 1345 1013; baseline -0.001 -12"><span class='ocrx_word' id='word_1_111' title='bbox 159 966 354 1010; x_wconf 81' lang='lat' dir='ltr'>morbum,</span> <span class='ocrx_word' id='word_1_112' title='bbox 393 964 584 1010; x_wconf 88' lang='lat' dir='ltr'>dolorem,</span> <span class='ocrx_word' id='word_1_113' title='bbox 622 969 913 1013; x_wconf 82' lang='lat' dir='ltr'>paupertatem,</span> <span class='ocrx_word' id='word_1_114' title='bbox 953 965 1128 1010; x_wconf 84' lang='lat' dir='ltr'>exilium,</span> <span class='ocrx_word' id='word_1_115' title='bbox 1166 969 1345 1001; x_wconf 88' lang='lat' dir='ltr'>mortem.</span> 
     </span>
     <span class='ocr_line' id='line_1_19' title="bbox 161 1018 1350 1067; baseline 0.001 -13"><span class='ocrx_word' id='word_1_116' title='bbox 161 1018 270 1054; x_wconf 92' lang='lat' dir='ltr'>Nihil</span> <span class='ocrx_word' id='word_1_117' title='bbox 300 1019 440 1055; x_wconf 85' lang='lat' dir='ltr'>horum</span> <span class='ocrx_word' id='word_1_118' title='bbox 470 1031 541 1067; x_wconf 88' lang='lat' dir='ltr'>per</span> <span class='ocrx_word' id='word_1_119' title='bbox 570 1031 611 1054; x_wconf 84' lang='lat' dir='ltr'>se</span> <span class='ocrx_word' id='word_1_120' title='bbox 637 1018 850 1067; x_wconf 86' lang='lat' dir='ltr'>gloriosum</span> <span class='ocrx_word' id='word_1_121' title='bbox 877 1024 951 1063; x_wconf 87' lang='lat' dir='ltr'>est,</span> <span class='ocrx_word' id='word_1_122' title='bbox 972 1018 1071 1054; x_wconf 90' lang='lat' dir='ltr'>nihil</span> <span class='ocrx_word' id='word_1_123' title='bbox 1102 1023 1238 1055; x_wconf 87' lang='lat' dir='ltr'>tamen</span> <span class='ocrx_word' id='word_1_124' title='bbox 1265 1021 1350 1055; x_wconf 88' lang='lat' dir='ltr'>sine</span> 
     </span>
     <span class='ocr_line' id='line_1_20' title="bbox 160 1072 1348 1121; baseline 0 -13"><span class='ocrx_word' id='word_1_125' title='bbox 160 1072 230 1108; x_wconf 86' lang='lat' dir='ltr'>his.</span> <span class='ocrx_word' id='word_1_126' title='bbox 306 1072 509 1109; x_wconf 85' lang='lat' dir='ltr'>Laudatur</span> <span class='ocrx_word' id='word_1_127' title='bbox 538 1075 644 1108; x_wconf 90' lang='lat' dir='ltr'>enim</span> <span class='ocrx_word' id='word_1_128' title='bbox 673 1085 752 1108; x_wconf 91' lang='lat' dir='ltr'>non</span> <span class='ocrx_word' id='word_1_129' title='bbox 780 1077 1004 1121; x_wconf 86' lang='lat' dir='ltr'>paupertaS,</span> <span class='ocrx_word' id='word_1_130' title='bbox 1029 1072 1099 1109; x_wconf 87' lang='lat' dir='ltr'>sed</span> <span class='ocrx_word' id='word_1_131' title='bbox 1128 1072 1209 1118; x_wconf 91' lang='lat' dir='ltr'>ille,</span> <span class='ocrx_word' id='word_1_132' title='bbox 1230 1085 1348 1121; x_wconf 91' lang='lat' dir='ltr'>quem</span> 
     </span>
     <span class='ocr_line' id='line_1_21' title="bbox 159 1125 1352 1175; baseline -0.001 -13"><span class='ocrx_word' id='word_1_133' title='bbox 159 1126 397 1175; x_wconf 85' lang='lat' dir='ltr'>paupertasl</span> <span class='ocrx_word' id='word_1_134' title='bbox 419 1139 498 1162; x_wconf 87' lang='lat' dir='ltr'>non</span> <span class='ocrx_word' id='word_1_135' title='bbox 528 1129 743 1162; x_wconf 81' lang='lat' dir='ltr'>summittit</span> <span class='ocrx_word' id='word_1_136' title='bbox 771 1126 873 1162; x_wconf 78' lang='lat' dir='ltr'>nec2</span> <span class='ocrx_word' id='word_1_137' title='bbox 899 1128 1088 1163; x_wconf 83' lang='lat' dir='ltr'>incurvat.</span> <span class='ocrx_word' id='word_1_138' title='bbox 1148 1125 1352 1162; x_wconf 85' lang='lat' dir='ltr'>Laudatur</span> 
     </span>
     <span class='ocr_line' id='line_1_22' title="bbox 160 1179 1349 1229; baseline 0 -14"><span class='ocrx_word' id='word_1_139' title='bbox 160 1193 240 1216; x_wconf 91' lang='lat' dir='ltr'>non</span> <span class='ocrx_word' id='word_1_140' title='bbox 271 1180 445 1225; x_wconf 82' lang='lat' dir='ltr'>exilium,</span> <span class='ocrx_word' id='word_1_141' title='bbox 476 1179 545 1215; x_wconf 87' lang='lat' dir='ltr'>sed</span> <span class='ocrx_word' id='word_1_142' title='bbox 575 1179 641 1216; x_wconf 90' lang='lat' dir='ltr'>ille</span> <span class='ocrx_word' id='word_1_143' title='bbox 671 1182 738 1228; x_wconf 92' lang='lat' dir='ltr'>qui</span> <span class='ocrx_word' id='word_1_144' title='bbox 768 1182 809 1214; x_wconf 91' lang='lat' dir='ltr'>in</span> <span class='ocrx_word' id='word_1_145' title='bbox 839 1179 998 1215; x_wconf 84' lang='lat' dir='ltr'>exilium</span> <span class='ocrx_word' id='word_1_146' title='bbox 1029 1182 1100 1216; x_wconf 86' lang='lat' dir='ltr'>ivit</span> <span class='ocrx_word' id='word_1_147' title='bbox 1129 1179 1349 1229; x_wconf 81' lang='lat' dir='ltr'>tanquam3</span> 
     </span>
     <span class='ocr_line' id='line_1_23' title="bbox 160 1232 1349 1282; baseline 0 -13"><span class='ocrx_word' id='word_1_148' title='bbox 160 1236 342 1270; x_wconf 82' lang='lat' dir='ltr'>misisset.</span> <span class='ocrx_word' id='word_1_149' title='bbox 402 1233 606 1269; x_wconf 90' lang='lat' dir='ltr'>Laudatur</span> <span class='ocrx_word' id='word_1_150' title='bbox 635 1246 713 1268; x_wconf 92' lang='lat' dir='ltr'>non</span> <span class='ocrx_word' id='word_1_151' title='bbox 744 1232 867 1277; x_wconf 87' lang='lat' dir='ltr'>dolor,</span> <span class='ocrx_word' id='word_1_152' title='bbox 895 1233 964 1269; x_wconf 87' lang='lat' dir='ltr'>sed</span> <span class='ocrx_word' id='word_1_153' title='bbox 994 1233 1075 1278; x_wconf 91' lang='lat' dir='ltr'>ille,</span> <span class='ocrx_word' id='word_1_154' title='bbox 1100 1246 1219 1282; x_wconf 91' lang='lat' dir='ltr'>quem</span> <span class='ocrx_word' id='word_1_155' title='bbox 1249 1233 1349 1269; x_wconf 89' lang='lat' dir='ltr'>nihil</span> 
     </span>
     <span class='ocr_line' id='line_1_24' title="bbox 160 1286 1348 1336; baseline -0.001 -13"><span class='ocrx_word' id='word_1_156' title='bbox 160 1290 293 1336; x_wconf 84' lang='lat' dir='ltr'>coegit</span> <span class='ocrx_word' id='word_1_157' title='bbox 314 1287 435 1323; x_wconf 89' lang='lat' dir='ltr'>dolor.</span> <span class='ocrx_word' id='word_1_158' title='bbox 498 1287 625 1323; x_wconf 85' lang='lat' dir='ltr'>Nemo</span> <span class='ocrx_word' id='word_1_159' title='bbox 651 1291 820 1322; x_wconf 88' lang='lat' dir='ltr'>mortem</span> <span class='ocrx_word' id='word_1_160' title='bbox 848 1286 997 1331; x_wconf 84' lang='lat' dir='ltr'>laudat,</span> <span class='ocrx_word' id='word_1_161' title='bbox 1018 1286 1089 1323; x_wconf 86' lang='lat' dir='ltr'>sed</span> <span class='ocrx_word' id='word_1_162' title='bbox 1112 1299 1217 1331; x_wconf 75' lang='lat' dir='ltr'>eum,</span> <span class='ocrx_word' id='word_1_163' title='bbox 1238 1290 1348 1323; x_wconf 87' lang='lat' dir='ltr'>cuius</span> 
     </span>
     <span class='ocr_line' id='line_1_25' title="bbox 160 1340 1350 1389; baseline 0 -13"><span class='ocrx_word' id='word_1_164' title='bbox 160 1354 263 1376; x_wconf 82' lang='lat' dir='ltr'>mors</span> <span class='ocrx_word' id='word_1_165' title='bbox 279 1346 373 1377; x_wconf 90' lang='lat' dir='ltr'>ante</span> <span class='ocrx_word' id='word_1_166' title='bbox 389 1340 556 1376; x_wconf 84' lang='lat' dir='ltr'>abstulit</span> <span class='ocrx_word' id='word_1_167' title='bbox 571 1343 746 1375; x_wconf 89' lang='lat' dir='ltr'>animum</span> <span class='ocrx_word' id='word_1_168' title='bbox 763 1353 880 1389; x_wconf 87' lang='lat' dir='ltr'>quam</span> <span class='ocrx_word' id='word_1_169' title='bbox 896 1340 1157 1376; x_wconf 84' lang='lat' dir='ltr'>conturbavit.</span> <span class='ocrx_word' id='word_1_170' title='bbox 1205 1340 1350 1377; x_wconf 86' lang='lat' dir='ltr'>Omnia</span> 
     </span>
     <span class='ocr_line' id='line_1_26' title="bbox 160 1393 1350 1443; baseline 0 -13"><span class='ocrx_word' id='word_1_171' title='bbox 160 1397 234 1430; x_wconf 89' lang='lat' dir='ltr'>ista</span> <span class='ocrx_word' id='word_1_172' title='bbox 264 1407 334 1443; x_wconf 94' lang='lat' dir='ltr'>per</span> <span class='ocrx_word' id='word_1_173' title='bbox 363 1407 403 1430; x_wconf 85' lang='lat' dir='ltr'>se</span> <span class='ocrx_word' id='word_1_174' title='bbox 433 1406 513 1430; x_wconf 90' lang='lat' dir='ltr'>non</span> <span class='ocrx_word' id='word_1_175' title='bbox 540 1398 632 1429; x_wconf 88' lang='lat' dir='ltr'>sunt</span> <span class='ocrx_word' id='word_1_176' title='bbox 660 1393 827 1429; x_wconf 85' lang='lat' dir='ltr'>honesta</span> <span class='ocrx_word' id='word_1_177' title='bbox 853 1406 927 1429; x_wconf 91' lang='lat' dir='ltr'>nec</span> <span class='ocrx_word' id='word_1_178' title='bbox 951 1393 1131 1443; x_wconf 84' lang='lat' dir='ltr'>gloriosa,</span> <span class='ocrx_word' id='word_1_179' title='bbox 1152 1394 1222 1430; x_wconf 90' lang='lat' dir='ltr'>sed</span> <span class='ocrx_word' id='word_1_180' title='bbox 1242 1397 1350 1443; x_wconf 90' lang='lat' dir='ltr'>quic-</span> 
     </span>
     <span class='ocr_line' id='line_1_27' title="bbox 161 1447 1348 1497; baseline 0 -13"><span class='ocrx_word' id='word_1_181' title='bbox 161 1448 256 1497; x_wconf 90' lang='lat' dir='ltr'>quid</span> <span class='ocrx_word' id='word_1_182' title='bbox 286 1461 335 1484; x_wconf 86' lang='lat' dir='ltr'>ex</span> <span class='ocrx_word' id='word_1_183' title='bbox 365 1447 441 1484; x_wconf 89' lang='lat' dir='ltr'>illis</span> <span class='ocrx_word' id='word_1_184' title='bbox 471 1451 594 1483; x_wconf 88' lang='lat' dir='ltr'>virtus</span> <span class='ocrx_word' id='word_1_185' title='bbox 623 1447 722 1483; x_wconf 86' lang='lat' dir='ltr'>adiit</span> <span class='ocrx_word' id='word_1_186' title='bbox 753 1450 1031 1497; x_wconf 86' lang='lat' dir='ltr'>tractavitque,</span> <span class='ocrx_word' id='word_1_187' title='bbox 1060 1447 1274 1484; x_wconf 88' lang='lat' dir='ltr'>honestum</span> <span class='ocrx_word' id='word_1_188' title='bbox 1305 1453 1348 1484; x_wconf 90' lang='lat' dir='ltr'>et</span> 
     </span>
     <span class='ocr_line' id='line_1_28' title="bbox 161 1500 1348 1550; baseline 0 -13"><span class='ocrx_word' id='word_1_189' title='bbox 161 1502 375 1550; x_wconf 79' lang='lat' dir='ltr'>gloriosum</span> <span class='ocrx_word' id='word_1_190' title='bbox 397 1501 514 1544; x_wconf 87' lang='lat' dir='ltr'>facit;</span> <span class='ocrx_word' id='word_1_191' title='bbox 544 1501 611 1537; x_wconf 82' lang='lat' dir='ltr'>illa</span> <span class='ocrx_word' id='word_1_192' title='bbox 638 1503 679 1537; x_wconf 92' lang='lat' dir='ltr'>in</span> <span class='ocrx_word' id='word_1_193' title='bbox 704 1500 837 1537; x_wconf 89' lang='lat' dir='ltr'>medio</span> <span class='ocrx_word' id='word_1_194' title='bbox 867 1504 995 1549; x_wconf 87' lang='lat' dir='ltr'>posita</span> <span class='ocrx_word' id='word_1_195' title='bbox 1021 1506 1137 1545; x_wconf 83' lang='lat' dir='ltr'>sunt3</span> <span class='ocrx_word' id='word_1_196' title='bbox 1167 1504 1348 1546; x_wconf 82' lang='lat' dir='ltr'>interest,</span> 
     </span>
     <span class='ocr_line' id='line_1_29' title="bbox 162 1554 1349 1592; baseline 0 -1"><span class='ocrx_word' id='word_1_197' title='bbox 162 1561 294 1592; x_wconf 90' lang='lat' dir='ltr'>utrum</span> <span class='ocrx_word' id='word_1_198' title='bbox 310 1555 460 1591; x_wconf 85' lang='lat' dir='ltr'>malitia</span> <span class='ocrx_word' id='word_1_199' title='bbox 480 1555 557 1591; x_wconf 86' lang='lat' dir='ltr'>illis</span> <span class='ocrx_word' id='word_1_200' title='bbox 577 1567 627 1590; x_wconf 91' lang='lat' dir='ltr'>an</span> <span class='ocrx_word' id='word_1_201' title='bbox 643 1557 767 1590; x_wconf 85' lang='lat' dir='ltr'>virtus</span> <span class='ocrx_word' id='word_1_202' title='bbox 783 1567 944 1590; x_wconf 88' lang='lat' dir='ltr'>manum</span> <span class='ocrx_word' id='word_1_203' title='bbox 959 1554 1189 1592; x_wconf 86' lang='lat' dir='ltr'>admoverit.</span> <span class='ocrx_word' id='word_1_204' title='bbox 1242 1555 1349 1591; x_wconf 88' lang='lat' dir='ltr'>Mors</span> 
     </span>
     <span class='ocr_line' id='line_1_30' title="bbox 161 1608 1348 1658; baseline -0.001 -13"><span class='ocrx_word' id='word_1_205' title='bbox 161 1612 268 1645; x_wconf 85' lang='lat' dir='ltr'>enim</span> <span class='ocrx_word' id='word_1_206' title='bbox 289 1609 368 1654; x_wconf 86' lang='lat' dir='ltr'>illa,</span> <span class='ocrx_word' id='word_1_207' title='bbox 384 1621 485 1658; x_wconf 91' lang='lat' dir='ltr'>quae</span> <span class='ocrx_word' id='word_1_208' title='bbox 502 1611 542 1644; x_wconf 92' lang='lat' dir='ltr'>in</span> <span class='ocrx_word' id='word_1_209' title='bbox 559 1608 709 1644; x_wconf 88' lang='lat' dir='ltr'>Catone</span> <span class='ocrx_word' id='word_1_210' title='bbox 730 1608 898 1657; x_wconf 84' lang='lat' dir='ltr'>gloriosa</span> <span class='ocrx_word' id='word_1_211' title='bbox 919 1613 992 1653; x_wconf 85' lang='lat' dir='ltr'>est,</span> <span class='ocrx_word' id='word_1_212' title='bbox 1008 1611 1049 1644; x_wconf 92' lang='lat' dir='ltr'>in</span> <span class='ocrx_word' id='word_1_213' title='bbox 1070 1608 1193 1644; x_wconf 91' lang='lat' dir='ltr'>Bruto</span> <span class='ocrx_word' id='word_1_214' title='bbox 1214 1611 1348 1645; x_wconf 86' lang='lat' dir='ltr'>statim</span> 
     </span>
     <span class='ocr_line' id='line_1_31' title="bbox 214 1677 956 1719; baseline -0.003 -9"><span class='ocrx_word' id='word_1_215' title='bbox 214 1678 224 1697; x_wconf 82' lang='lat'>¹</span> <span class='ocrx_word' id='word_1_216' title='bbox 250 1677 302 1710; x_wconf 92' lang='lat' dir='ltr'>Pb</span> <span class='ocrx_word' id='word_1_217' title='bbox 318 1677 389 1709; x_wconf 88' lang='lat' dir='ltr'>and</span> <span class='ocrx_word' id='word_1_218' title='bbox 406 1677 451 1709; x_wconf 64' lang='grc' dir='ltr'>Υ]</span> <span class='ocrx_word' id='word_1_219' title='bbox 470 1679 556 1709; x_wconf 85' lang='lat' dir='ltr'>omit</span> <span class='ocrx_word' id='word_1_220' title='bbox 572 1677 630 1709; x_wconf 71' lang='lat' dir='ltr'>secl</span> <span class='ocrx_word' id='word_1_221' title='bbox 654 1703 661 1709; x_wconf 92' lang='lat'>.</span> <span class='ocrx_word' id='word_1_222' title='bbox 690 1702 696 1709; x_wconf 91' lang='lat'>.</span> <span class='ocrx_word' id='word_1_223' title='bbox 727 1702 733 1708; x_wconf 94' lang='lat'>.</span> <span class='ocrx_word' id='word_1_224' title='bbox 757 1681 956 1719; x_wconf 67' lang='lat' dir='ltr'>paupertas.</span> 
     </span>
    </p>
   </div>
   <div class='ocr_carea' id='block_1_5' title="bbox 180 1719 1347 1806">
    <p class='ocr_par' dir='ltr' id='par_1_5' title="bbox 180 1719 1347 1806">
     <span class='ocr_line' id='line_1_32' title="bbox 180 1719 753 1757; baseline -0.002 -5"><span class='ocrx_word' id='word_1_225' title='bbox 180 1726 184 1733; x_wconf 93' lang='lat'>&#39;</span> <span class='ocrx_word' id='word_1_226' title='bbox 212 1721 226 1740; x_wconf 79' lang='lat'>2</span> <span class='ocrx_word' id='word_1_227' title='bbox 248 1732 306 1753; x_wconf 73' lang='lat' dir='ltr'>nec</span> <span class='ocrx_word' id='word_1_228' title='bbox 322 1721 410 1752; x_wconf 88' lang='lat' dir='ltr'>later</span> <span class='ocrx_word' id='word_1_229' title='bbox 427 1720 530 1753; x_wconf 88' lang='lat' dir='ltr'>MSS.</span> <span class='ocrx_word' id='word_1_230' title='bbox 548 1733 556 1757; x_wconf 86' lang='grc'>;</span> <span class='ocrx_word' id='word_1_231' title='bbox 579 1720 637 1752; x_wconf 74' lang='lat' dir='ltr'>sed</span> <span class='ocrx_word' id='word_1_232' title='bbox 653 1719 753 1752; x_wconf 88' lang='lat' dir='ltr'>VPb.</span> 
     </span>
     <span class='ocr_line' id='line_1_33' title="bbox 213 1762 1347 1806; baseline 0 -10"><span class='ocrx_word' id='word_1_233' title='bbox 213 1764 226 1784; x_wconf 82' lang='lat'>3</span> <span class='ocrx_word' id='word_1_234' title='bbox 248 1766 305 1796; x_wconf 79' lang='lat' dir='ltr'>sed</span> <span class='ocrx_word' id='word_1_235' title='bbox 334 1764 387 1796; x_wconf 69' lang='lat' dir='ltr'>ille</span> <span class='ocrx_word' id='word_1_236' title='bbox 414 1764 472 1806; x_wconf 76' lang='lat' dir='ltr'>qui</span> <span class='ocrx_word' id='word_1_237' title='bbox 497 1764 529 1795; x_wconf 83' lang='lat' dir='ltr'>in</span> <span class='ocrx_word' id='word_1_238' title='bbox 555 1763 691 1795; x_wconf 57' lang='lat' dir='ltr'>milium</span> <span class='ocrx_word' id='word_1_239' title='bbox 719 1763 779 1795; x_wconf 68' lang='lat' dir='ltr'>icit</span> <span class='ocrx_word' id='word_1_240' title='bbox 807 1768 968 1804; x_wconf 74' lang='lat' dir='ltr'>tauquam</span> <span class='ocrx_word' id='word_1_241' title='bbox 999 1762 1168 1805; x_wconf 76' lang='lat' dir='ltr'>Madvig3</span> <span class='ocrx_word' id='word_1_242' title='bbox 1200 1789 1207 1796; x_wconf 96' lang='lat'>.</span> <span class='ocrx_word' id='word_1_243' title='bbox 1236 1789 1243 1796; x_wconf 90' lang='lat'><strong>.</strong></span> <span class='ocrx_word' id='word_1_244' title='bbox 1273 1790 1280 1796; x_wconf 91' lang='lat'>.</span> <span class='ocrx_word' id='word_1_245' title='bbox 1310 1769 1347 1796; x_wconf 76' lang='lat' dir='ltr'>‘ut</span> 
     </span>
    </p>
   </div>
   <div class='ocr_carea' id='block_1_6' title="bbox 159 1807 382 1850">
    <p class='ocr_par' dir='ltr' id='par_1_6' title="bbox 159 1807 382 1850">
     <span class='ocr_line' id='line_1_34' title="bbox 159 1807 382 1850; baseline 0.004 -11"><span class='ocrx_word' id='word_1_246' title='bbox 159 1819 261 1850; x_wconf 75' lang='lat' dir='ltr'>quam</span> <span class='ocrx_word' id='word_1_247' title='bbox 279 1807 382 1840; x_wconf 89' lang='lat' dir='ltr'>MSS.</span> 
     </span>
    </p>
   </div>
   <div class='ocr_carea' id='block_1_7' title="bbox 160 1873 1348 2086">
    <p class='ocr_par' dir='ltr' id='par_1_7' title="bbox 161 1873 1348 1999">
     <span class='ocr_line' id='line_1_35' title="bbox 213 1873 1348 1918; baseline -0.001 -10"><span class='ocrx_word' id='word_1_248' title='bbox 213 1884 228 1897; x_wconf 75' lang='lat'>‘¹</span> <span class='ocrx_word' id='word_1_249' title='bbox 254 1876 407 1908; x_wconf 88' lang='lat' dir='ltr'>Defined</span> <span class='ocrx_word' id='word_1_250' title='bbox 423 1876 471 1918; x_wconf 87' lang='lat' dir='ltr'>by</span> <span class='ocrx_word' id='word_1_251' title='bbox 483 1875 544 1907; x_wconf 89' lang='lat' dir='ltr'>the</span> <span class='ocrx_word' id='word_1_252' title='bbox 561 1874 700 1908; x_wconf 89' lang='lat' dir='ltr'>Greeks</span> <span class='ocrx_word' id='word_1_253' title='bbox 713 1885 752 1906; x_wconf 90' lang='lat' dir='ltr'>as</span> <span class='ocrx_word' id='word_1_254' title='bbox 768 1879 790 1892; x_wconf 82' lang='lat'>‘⁶</span> <span class='ocrx_word' id='word_1_255' title='bbox 804 1873 926 1915; x_wconf 86' lang='lat' dir='ltr'>things</span> <span class='ocrx_word' id='word_1_256' title='bbox 940 1874 1054 1906; x_wconf 90' lang='lat' dir='ltr'>which</span> <span class='ocrx_word' id='word_1_257' title='bbox 1071 1874 1162 1906; x_wconf 88' lang='lat' dir='ltr'>have</span> <span class='ocrx_word' id='word_1_258' title='bbox 1175 1886 1220 1907; x_wconf 94' lang='lat' dir='ltr'>no</span> <span class='ocrx_word' id='word_1_259' title='bbox 1237 1875 1348 1908; x_wconf 85' lang='lat' dir='ltr'>direct</span> 
     </span>
     <span class='ocr_line' id='line_1_36' title="bbox 161 1917 1347 1961; baseline -0.001 -9"><span class='ocrx_word' id='word_1_260' title='bbox 161 1921 358 1952; x_wconf 87' lang='lat' dir='ltr'>connexion</span> <span class='ocrx_word' id='word_1_261' title='bbox 390 1919 501 1951; x_wconf 83' lang='lat' dir='ltr'>either</span> <span class='ocrx_word' id='word_1_262' title='bbox 531 1918 616 1950; x_wconf 87' lang='lat' dir='ltr'>with</span> <span class='ocrx_word' id='word_1_263' title='bbox 654 1918 844 1959; x_wconf 86' lang='lat' dir='ltr'>happiness</span> <span class='ocrx_word' id='word_1_264' title='bbox 880 1928 919 1950; x_wconf 89' lang='lat' dir='ltr'>or</span> <span class='ocrx_word' id='word_1_265' title='bbox 950 1917 1034 1950; x_wconf 85' lang='lat' dir='ltr'>with</span> <span class='ocrx_word' id='word_1_266' title='bbox 1070 1918 1347 1961; x_wconf 83' lang='lat' dir='ltr'>unhappiness.&#39;&#39;</span> 
     </span>
     <span class='ocr_line' id='line_1_37' title="bbox 162 1961 797 1999; baseline -0.005 -4"><span class='ocrx_word' id='word_1_267' title='bbox 162 1962 229 1995; x_wconf 87' lang='lat' dir='ltr'>See</span> <span class='ocrx_word' id='word_1_268' title='bbox 246 1963 381 1999; x_wconf 80' lang='lat' dir='ltr'>Cicero,</span> <span class='ocrx_word' id='word_1_269' title='bbox 400 1963 450 1994; x_wconf 80' lang='lat' dir='ltr'>De</span> <span class='ocrx_word' id='word_1_270' title='bbox 465 1962 621 1998; x_wconf 72' lang='lat' dir='ltr'>Finibus,</span> <span class='ocrx_word' id='word_1_271' title='bbox 639 1962 684 1994; x_wconf 89' lang='lat' dir='ltr'>iii.</span> <span class='ocrx_word' id='word_1_272' title='bbox 705 1964 746 1992; x_wconf 89' lang='grc'>50</span> <span class='ocrx_word' id='word_1_273' title='bbox 763 1961 797 1992; x_wconf 88' lang='lat' dir='ltr'>ff.</span> 
     </span>
    </p>

    <p class='ocr_par' dir='ltr' id='par_1_8' title="bbox 160 2004 1347 2086">
     <span class='ocr_line' id='line_1_38' title="bbox 216 2004 1347 2046; baseline 0 -10"><span class='ocrx_word' id='word_1_274' title='bbox 216 2007 228 2025; x_wconf 73' lang='lat'>&#39;¹</span> <span class='ocrx_word' id='word_1_275' title='bbox 253 2006 320 2041; x_wconf 52' lang='lat' dir='ltr'>aa,</span> <span class='ocrx_word' id='word_1_276' title='bbox 347 2017 405 2037; x_wconf 86' lang='lat' dir='ltr'>are</span> <span class='ocrx_word' id='word_1_277' title='bbox 431 2004 698 2037; x_wconf 75' lang='lat' dir='ltr'>“indifferent&#39;&#39;</span> <span class='ocrx_word' id='word_1_278' title='bbox 722 2005 779 2046; x_wconf 66' lang='lat' dir='ltr'>(qs.</span> <span class='ocrx_word' id='word_1_279' title='bbox 808 2006 824 2042; x_wconf 69' lang='grc' dir='ltr'><strong>ἓ</strong></span> <span class='ocrx_word' id='word_1_280' title='bbox 852 2006 889 2034; x_wconf 66' lang='lat'>14</span> <span class='ocrx_word' id='word_1_281' title='bbox 922 2004 1152 2046; x_wconf 39' lang='lat' dir='ltr'>indtfferernlia</span> <span class='ocrx_word' id='word_1_282' title='bbox 1176 2016 1215 2036; x_wconf 78' lang='lat' dir='ltr'>ac</span> <span class='ocrx_word' id='word_1_283' title='bbox 1239 2005 1347 2037; x_wconf 80' lang='lat' dir='ltr'>media</span> 
     </span>
     <span class='ocr_line' id='line_1_39' title="bbox 160 2049 348 2086; baseline -0.005 -6"><span class='ocrx_word' id='word_1_284' title='bbox 160 2049 348 2086; x_wconf 74' lang='lat' dir='ltr'>dicuntur).</span> 
     </span>
    </p>
   </div>
   <div class='ocr_carea' id='block_1_8' title="bbox 162 2100 238 2138">
    <p class='ocr_par' dir='ltr' id='par_1_9' title="bbox 162 2100 238 2138">
     <span class='ocr_line' id='line_1_40' title="bbox 162 2100 238 2138; baseline 0.013 -1"><span class='ocrx_word' id='word_1_285' title='bbox 162 2100 238 2138; x_wconf 72' lang='lat'>246</span> 
     </span>
    </p>
   </div>
  </div>
 </body>
</html>
