1434 2333
411 101 527 137 THE
557 102 811 139 EPISTLES
842 102 913 138 OF
943 101 1153 139 SENECA

189 189 302 225 Haec
323 194 383 225 est
404 192 618 238 pernicitas
634 202 705 239 per
724 202 765 226 se
786 193 1007 236 aestimata,
1024 204 1103 226 non
1119 203 1219 240 quae
1236 190 1375 227 tardis-

186 261 372 295 simorum
400 259 624 296 conlatione
651 260 843 297 laudatur.
903 260 1025 306 Quid,
1047 264 1076 297 Si
1104 274 1242 297 sanum
1262 274 1378 298 voces

187 329 330 366 leviter
345 329 670 367 febricitantem?
720 331 809 367 Non
831 337 892 368 est
912 331 1015 367 bona
1031 331 1207 368 valitudo
1228 331 1378 367 medio-

146 403 167 437 5
187 402 303 436 critas
330 402 466 437 morbi.
526 405 550 422 “
566 400 669 447 Sic,''
698 404 841 451 inquit,
864 404 1054 451 “sapiens
1080 402 1378 451 inperturbatus

187 471 345 516 dicitur,
366 472 564 521 quomodo
583 475 747 522 apyrina
773 472 973 517 dicuntur,
993 485 1073 508 non
1099 473 1241 522 quibus
1268 472 1378 508 nulla

188 544 292 578 inest
319 542 464 579 duritia
490 555 715 592 granorum,
736 542 806 579 sed
833 543 976 592 quibus
995 542 1160 578 min0r.’'
1222 542 1379 579 Falsum

189 619 259 650 est.
320 613 411 650 Non
433 616 539 650 enim
560 613 877 650 deminutionem
898 614 1090 650 malorum
1111 616 1149 649 in
1173 614 1276 650 bono
1296 616 1379 650 viro

189 684 397 734 intellego,
427 684 497 721 sed
527 687 798 727 vacationem,
842 684 950 720 nulla
980 684 1132 721 debent
1171 697 1269 729 esse,
1299 697 1378 720 non

189 768 316 803 parva.
378 755 480 791 Nam
519 758 550 791 si
589 755 669 791 ulla
707 761 812 801 sunt,
843 760 1023 792 crescent
1061 760 1103 791 et
1132 750 1291 791 inte'rim
1321 757 1380 790 in-

188 825 365 874 pedient.
425 825 635 871 Quomodo
661 826 793 862 oculos
814 829 936 862 maior
956 831 997 862 et
1023 824 1201 874 perfecta
1222 825 1380 862 suffusio

189 901 388 942 excaecat,
409 899 463 933 sic
483 897 637 933 modica
657 897 804 933 turbat.

147 970 168 1007 6
256 966 297 1003 Si
331 967 400 1004 das
438 967 588 1017 aliquos
627 967 808 1004 adfectus
847 969 1029 1016 sapienti,
1059 969 1172 1016 inpar
1199 965 1276 1003 illis
1306 968 1381 1003 erit

189 1040 289 1074 ratio
309 1043 351 1074 et
372 1037 482 1074 velut
508 1043 687 1074 torrente
714 1037 885 1088 quodam
911 1037 1126 1082 auferetur,
1148 1039 1379 1086 praesertim

190 1122 279 1145 cum
319 1108 375 1144 illi
414 1121 493 1144 non
523 1121 647 1144 unum
684 1108 889 1145 adfectum
928 1108 1026 1153 des,l
1058 1121 1147 1144 cum
1181 1120 1259 1157 quo
1288 1120 1380 1143 con-

190 1180 378 1225 luctetur,
395 1179 464 1216 sed
481 1182 617 1216 omnis.
671 1179 762 1215 Plus
779 1184 912 1228 potest
928 1181 1105 1228 quamvis
1121 1178 1379 1215 mediocrium

149 1252 168 1287 7
190 1251 305 1287 turba
343 1263 461 1300 quam
500 1255 634 1298 posset
672 1252 787 1286 unius
820 1252 954 1299 magni
984 1249 1182 1286 violentia.
1244 1249 1382 1286 Habet

191 1322 384 1369 pecuniae
423 1319 699 1369 cupiditatem,
738 1319 809 1356 sed
846 1319 1052 1356 modicam.
1123 1320 1261 1356 Habet
1299 1333 1381 1355 am-

192 1392 399 1436 bitionem,
429 1391 499 1427 sed
537 1403 618 1427 non
647 1393 896 1427 concitatam.
958 1390 1097 1427 Habet
1125 1390 1381 1435 iracundiam,
1432 1391 1434 1431 ξ

192 1461 262 1498 sed
300 1461 547 1510 placabilem.
608 1461 747 1498 Habet
785 1463 1105 1505 inconstantiam,
1144 1460 1214 1497 sed
1252 1463 1383 1497 minus

193 1545 333 1581 vagam
353 1544 397 1567 ac
423 1531 624 1568 mobilem.
688 1531 823 1567 Habet
849 1531 1057 1567 libidinem
1085 1544 1165 1567 non
1191 1534 1379 1567 insanam.

195 1602 340 1639 Melius
361 1615 450 1638 cum
470 1601 538 1638 illo
564 1606 762 1651 ageretur,
782 1604 849 1651 qui
870 1614 992 1637 unum
1013 1603 1154 1637 vitium
1180 1604 1381 1650 integrum

194 1674 374 1718 haberet,
390 1686 508 1722 quam
529 1686 619 1709 cum
640 1686 700 1718 eo,
717 1675 783 1722 qui
800 1672 947 1709 leviora
961 1671 1137 1721 quidem,
1154 1671 1223 1708 sed
1240 1674 1381 1708 omnia.

152 1742 174 1778 8
196 1743 355 1781 Deinde
394 1743 492 1780 nihil
531 1746 713 1789 interest,
742 1756 859 1792 quam
897 1754 1066 1791 magnus
1100 1744 1150 1778 sit
1179 1741 1385 1785 adfectus;

323 1829 333 1847 ¹
358 1830 414 1861 cles
430 1828 518 1861 later
534 1828 637 1862 MSS.
655 1843 664 1866 ;
687 1830 745 1862 sed
762 1828 813 1861 Pb
828 1842 836 1865 ς
859 1829 902 1860 sit
919 1839 1005 1860 corr.
1027 1828 1116 1859 from
1133 1828 1191 1859 sed
1206 1828 1248 1860 V.

247 1940 263 1954 α
286 1931 422 1965 Seneca
438 1941 519 1964 uses
531 1932 672 1974 suffusio
685 1931 725 1963 of
734 1930 900 1973 jaundice
917 1932 951 1962 in
966 1930 1034 1971 Ep.
1051 1941 1128 1963 xcv.
1151 1933 1199 1963 16.
1248 1929 1383 1965 Celsus.

196 1978 251 2008 vii.
274 1979 302 2008 7.
326 1978 376 2011 14,
395 1975 553 2016 explains
569 1975 630 2007 the
647 1985 753 2007 cause
769 1974 809 2006 of
828 1976 1015 2009 cataracts,
1037 1974 1084 2005 vel
1100 1984 1137 2005 ea·
1151 1973 1264 2006 morbo
1281 1973 1331 2005 vel
1347 1984 1386 2005 ea·

194 2020 264 2051 ictu.
281 2018 461 2051 concrescit
479 2019 612 2056 humor,
631 2018 702 2050 and
718 2017 869 2050 outlines
885 2016 946 2048 the
965 2019 1168 2049 treatment.

198 2076 274 2109 288
