1434 2333
408 112 525 149 THE
555 110 810 148 EPISTLES
841 110 912 148 OF
941 110 1152 149 SENECA

189 205 294 238 inter
322 203 493 237 maxima
521 213 641 249 opera
668 203 816 237 mentis
844 200 1068 237 humanae?
1126 199 1239 245 Quae
1263 211 1376 235 num-

190 287 307 323 quam
336 274 386 310 ad
415 277 605 310 virtutem
635 278 835 323 exsurget,
857 276 888 310 si
916 278 1086 310 mortem
1114 272 1263 309 malum
1293 285 1377 309 esse

189 348 405 385 crediderit
420 361 428 392 3
459 353 659 397 exsurget,
677 351 707 384 si
722 348 881 397 putabit
895 347 1124 384 indifferens
1140 359 1236 384 esse.
1287 345 1379 382 Non

189 425 331 471 recipit
351 435 482 458 rerum
502 426 656 467 natura,
676 426 721 458 ut
740 421 881 472 aliquis
900 434 1046 470 magno
1065 423 1196 456 animo
1216 419 1380 456 accedat

190 495 241 531 ad
274 495 328 540 id,
358 494 464 544 quod
493 494 640 531 malum
669 494 843 538 iudicat;
883 497 996 544 pigre
1025 496 1161 530 veniet
1191 498 1233 530 et
1262 505 1380 530 cunc-

193 574 336 606 tanter.
397 569 488 605 Non
518 573 579 605 est
607 573 743 605 autem
778 568 1007 618 gloriosum,
1041 567 1146 618 quod
1176 567 1226 604 ab
1254 570 1380 604 invito

194 648 236 680 et
264 646 554 693 tergiversante
584 643 652 686 fit3
682 642 783 679 nihil
812 642 907 679 facit
936 645 1073 688 virtus,
1097 644 1189 691 quia
1217 653 1381 679 necesse

126 718 174 755 18
194 723 266 755 est.
326 717 452 754 Adice
485 730 604 762 nunc,
638 716 746 766 quod
778 716 878 753 nihil
917 716 1085 753 honeste
1120 715 1177 761 fit,
1210 718 1285 752 nisi
1319 717 1382 751 cui

194 797 303 828 totus
332 794 485 827 animus
515 791 697 827 incubuit
725 796 846 840 atque
876 790 1018 836 adfuit,
1039 793 1101 827 cui
1130 790 1240 826 nulla
1268 794 1382 838 parte

195 869 253 902 sui
274 867 523 915 repugnavit.
585 865 664 902 Ubi
689 869 826 901 autem
845 864 896 901 ad
922 864 1071 900 malum
1091 863 1295 900 acceditur
1313 867 1383 899 aut

194 942 373 988 peiorum
402 943 511 976 metu
543 943 611 975 aut
641 951 710 987 spe
740 938 946 984 bonorum,
966 937 1017 974 ad
1046 950 1148 987 quae
1176 939 1383 987 pervenire

195 1017 298 1050 tanti
320 1016 370 1049 sit
390 1013 578 1050 devorata
594 1015 709 1049 unius
725 1012 819 1048 mali
839 1015 1046 1061 patientia,
1062 1011 1257 1048 dissident
1278 1014 1384 1047 inter

195 1100 236 1124 se
257 1087 402 1124 iudicia
423 1086 615 1124 facientis.
677 1086 786 1122 Hinc
807 1091 881 1131 est,
902 1085 1009 1135 quod
1029 1085 1165 1122 iubeat
1185 1087 1385 1134 proposita

196 1162 399 1211 perficere,
419 1161 541 1207 illinc,
565 1160 672 1210 quod
701 1159 877 1197 retrahat
907 1164 949 1196 et
977 1159 1028 1196 ab
1056 1172 1098 1196 re
1128 1163 1312 1208 suspecta
1340 1171 1385 1195 ac

196 1235 416 1284 periculosa
446 1234 585 1284 fugiat.
647 1233 776 1283 Igitur
803 1236 845 1269 in
874 1233 1029 1270 diversa
1057 1232 1314 1276 distrahitur;
1353 1234 1385 1268 si

197 1307 272 1344 hoc
306 1313 381 1353 est,
412 1310 516 1356 perit
545 1307 680 1356 gloria.
740 1306 874 1342 Virtus
904 1309 1011 1343 enim
1041 1305 1225 1342 concordi
1252 1308 1384 1341 animo

196 1382 359 1419 decreta
379 1383 545 1431 peragit.
606 1380 698 1416 Non
719 1383 849 1426 timet,
870 1379 976 1430 quod
996 1379 1102 1416 facit.

368 1466 421 1499 Tu
438 1477 482 1498 ne
499 1466 585 1498 cede
602 1466 716 1504 malis,
735 1465 798 1498 sed
814 1468 939 1498 eontra
954 1465 1140 1498 audentior
1156 1467 1206 1499 ito

369 1518 451 1559 Qua
466 1520 529 1550 tua
544 1520 579 1550 te
597 1517 739 1549 fortuna
755 1518 857 1549 sinet.

130 1598 176 1635 19
198 1596 290 1632 Non
327 1596 401 1632 ibis
439 1594 662 1641 audentior,
701 1597 732 1631 si
776 1595 879 1631 mala
923 1594 990 1631 illa
1034 1608 1120 1632 esse
1158 1595 1383 1633 credideris.

199 1669 466 1707 Eximendum
501 1669 576 1705 hoc
611 1682 632 1706 e
667 1674 829 1718 pectore
863 1674 948 1712 est;
991 1668 1138 1719 alioqui
1172 1668 1387 1706 haesitabit

197 1748 381 1795 inpetum
415 1748 614 1780 moratura
648 1745 828 1793 suspicio.
887 1742 1088 1779 Trudetur
1121 1746 1163 1779 in
1196 1742 1250 1789 id,
1280 1742 1387 1792 quod

196 1818 465 1856 invadendum
486 1823 557 1856 est.

265 1893 400 1929 Nostri
434 1891 596 1942 quidem
631 1890 755 1928 videri
790 1890 930 1927 volunt
965 1890 1133 1928 Zenonis
1167 1894 1386 1940 interroga-

195 2023 227 2054 Α
248 1986 263 2000 0
287 1978 420 2020 Vergil,
445 1978 591 2014 Aeneid,
617 1979 661 2010 vi.
689 1979 730 2008 95
754 1977 794 2015 f.‚
826 1977 887 2009 the
911 1976 1034 2009 advice
1062 1978 1102 2009 of
1129 1977 1191 2009 the
1220 1976 1319 2019 Sibyl
1350 1979 1388 2008 to

231 2033 347 2055 eneaS.

196 2080 273 2113 2552
