1434 2333
401 122 517 159 THE
547 121 803 159 EPISTLES
833 121 905 159 OF
935 120 1147 158 SENECA

182 215 334 246 notant.
395 210 474 247 Sed
509 213 589 247 sive
620 210 808 260 quicquid
838 212 974 247 evenit
1002 209 1167 253 faciunt,
1191 208 1285 258 quid
1315 210 1376 243 in-

182 280 383 316 mutabilis
404 283 459 317 rei
480 283 622 317 notitia
643 280 850 329 proficiet?
907 280 997 316 Sive
1019 278 1255 328 significant,
1276 277 1372 327 quid

181 350 303 387 refert
340 351 548 400 providere
583 351 690 401 quod
723 351 898 401 effugere
936 364 1017 387 non
1055 351 1208 399 possis?
1264 347 1371 384 Scias

116 427 163 464 16
184 424 269 466 ista,
289 424 465 465 nescias3
495 422 603 459 fient.

353 506 389 539 Si
407 518 488 539 vero
506 508 615 540 solem
632 508 678 540 ad
694 507 857 550 rapidum
875 507 1067 549 stellasque
1084 508 1275 548 sequentes

354 559 487 592 Ordine
504 561 682 602 respicies,
703 570 897 601 numquam
909 562 946 591 te
963 559 1119 591 crastina
1135 557 1234 589 fallet

356 611 456 643 Hora
473 622 538 643 nec
554 611 689 644 insidiis
707 613 821 644 noctis
838 612 977 653 capiere
995 620 1150 642 serenae.

184 686 287 724 Satis
321 689 560 738 abundeque
594 691 792 738 provisum
827 693 902 733 est,
932 693 977 724 ut
1005 688 1054 723 ab
1083 686 1234 723 insidiis
1264 690 1375 722 tutus

119 758 164 797 17
186 771 322 795 essem.
401 759 644 809 “Numquid
683 772 746 795 me
785 761 953 795 crastina
993 771 1072 794 non
1111 756 1214 793 fallit
1253 755 1377 792 hora?

187 828 305 866 Fallit
318 832 424 865 enim
438 829 543 879 quod
558 832 754 866 nescienti
768 829 940 866 evenit.”
988 829 1075 877 Ego
1088 827 1184 877 quid
1198 826 1375 862 futurum

186 903 250 945 sit,
288 903 446 944 nescio;
493 900 589 950 quid
627 900 711 937 fieri
749 902 886 949 possit,
921 902 1010 936 scio.
1071 899 1131 934 Ex
1164 898 1239 934 hoc
1278 895 1378 932 nihil

186 971 419 1020 desperabO,
448 976 579 1008 totum
609 976 802 1021 expect03
841 974 871 1007 si
901 970 996 1020 quid
1025 972 1257 1014 remittitur,
1284 968 1377 1004 boni

187 1042 359 1078 consulo.
420 1042 537 1079 Fallit
558 1056 621 1079 me
642 1042 750 1087 hora,
771 1045 801 1078 si
823 1044 961 1091 parcit,
977 1040 1047 1078 sed
1068 1053 1118 1077 ne
1140 1043 1194 1077 sic
1214 1038 1377 1089 quidem

187 1111 300 1148 fallit.
382 1113 481 1149 Nam
526 1112 863 1163 quemadmodum
906 1115 986 1149 scio
1028 1113 1160 1147 onmia
1197 1108 1379 1146 accidere

188 1195 315 1230 posse,
337 1185 390 1217 sic
412 1185 490 1218 scio
512 1187 553 1218 et
574 1196 652 1217 non
674 1185 812 1231 utique
830 1194 975 1217 casura.
1038 1180 1189 1229 Utique
1206 1178 1379 1216 secunda

189 1257 371 1301 expecto,
393 1252 504 1288 malis
525 1257 684 1301 paratus
705 1265 801 1288 sum.

123 1323 170 1359 18
258 1323 304 1358 111
325 1323 392 1358 illo
413 1323 514 1359 feras
535 1336 598 1359 me
620 1336 783 1359 necesse
804 1328 865 1359 est
886 1335 966 1358 non
993 1334 1064 1371 per
1091 1323 1379 1370 praescriptum

191 1398 364 1430 euntem.
428 1394 515 1429 Non
537 1396 642 1429 enim
664 1393 850 1437 adducor,
873 1397 916 1428 ut
940 1395 982 1428 in
1005 1404 1215 1428 numerum
1241 1391 1382 1427 libera-

190 1464 288 1500 lium
330 1467 473 1500 artium
522 1467 692 1513 pictores
740 1467 940 1513 recipiam,
978 1476 1059 1500 non
1097 1464 1222 1511 magis
1263 1475 1381 1511 quam

192 1538 400 1572 statuarios
420 1540 488 1571 aut
509 1538 779 1571 marmorarios
799 1540 867 1571 aut
885 1539 1038 1571 ceteros
1054 1534 1232 1570 luxuriae
1249 1535 1384 1568 minis-

192 1612 282 1643 tros.
342 1607 484 1655 Aeque
513 1606 728 1643 luctatores
759 1611 800 1642 et
828 1611 955 1642 totam
985 1605 1073 1642 oleo
1103 1618 1147 1640 ac
1176 1604 1262 1640 luto
1292 1616 1384 1639 con-

193 1682 368 1714 stantem
390 1680 596 1714 scientiam
621 1677 778 1726 expello
806 1690 854 1713 ex
878 1676 939 1713 his
967 1676 1108 1713 studiis
1132 1675 1386 1717 liberalibus3

193 1753 263 1785 aut
297 1753 338 1785 et
373 1751 657 1797 unguentarios
683 1751 879 1797 ‘recipiam
914 1752 955 1784 et
989 1759 1102 1783 cocos
1132 1751 1173 1782 et
1203 1744 1382 1782 ceterosl

194 1819 465 1868 voluptatibus
509 1822 652 1856 nostris
700 1821 862 1868 ingenia
909 1816 1256 1854 accommodantes
1304 1829 1383 1852 sua.

462 1897 472 1917 ¹
498 1902 620 1930 eeteros
637 1897 725 1930 later
741 1896 847 1930 MSS.
863 1911 871 1935 ;
896 1896 1010 1928 ceteris
1026 1895 1124 1928 VPb.

549 1999 562 2011 ‘¹
586 1991 719 2033 Vergil,
741 1992 859 2028 Geom.
879 1992 900 2022 i.
921 1992 984 2022 494-
1003 1989 1039 2021 ff.

249 2036 261 2054 b
285 2035 342 2066 An
359 2035 507 2067 allusion
525 2038 562 2067 to
579 2034 639 2067 the
656 2035 745 2066 sand
762 2027 833 2066 and
849 2033 894 2065 oil
911 2033 951 2065 of
963 2032 1024 2065 the
1041 2031 1326 2072 wrestling—ring.

197 2091 272 2124 358
