1434 2333
414 122 531 158 THE
561 121 815 158 EPISTLES
846 122 917 158 OF
946 121 1157 158 SENECA

189 212 337 259 gratior
357 214 419 246 est
440 212 631 246 esurienti
655 209 775 246 cibus.
836 208 1037 260 Quicquid
1064 222 1112 246 ex
1139 209 1383 246 abstinentia

189 274 373 321 contigit,
402 270 554 308 avidius
584 274 790 321 excipitur.
851 271 944 309 Illas
973 284 1066 309 vero
1094 273 1216 308 animi
1244 272 1382 322 volup-

188 339 306 379 tates,
327 347 428 383 quae
448 336 616 371 maiores
637 337 905 384 certioresque
931 339 1039 380 sunt,
1059 347 1178 371 nemo
1204 334 1382 371 medicus

188 409 308 446 aegro
324 401 456 445 negat.
505 396 590 433 Has
606 399 784 446 quisquis
799 399 979 446 sequitur
991 401 1034 433 et
1048 397 1152 433 bene
1165 396 1384 446 intellegit,

121 461 168 497 23
189 460 322 494 omnia
358 470 547 495 sensuum
585 457 861 495 blandimenta
900 460 1133 495 contemnit.
1211 461 1235 478 “
1249 458 1285 495 O
1323 460 1382 494 in-

190 519 349 557 felicem
378 520 601 570 aegrum!”
660 520 823 566 Quare?
879 520 984 566 Quia
1016 533 1098 557 non
1130 523 1219 556 vino
1249 523 1383 557 nivem

188 583 307 620 diluit
322 584 336 619 ?
393 582 498 628 Quia
513 596 593 619 non
609 585 781 632 rigorem
797 585 970 632 potionis
990 595 1098 628 suae,
1114 595 1233 632 quam
1249 585 1383 632 capaci

189 645 338 696 scypho
358 648 530 690 miscuit,
551 650 716 682 renovat
736 645 860 682 fracta
880 648 1042 694 insuper
1067 644 1222 694 glacie?
1280 643 1385 690 Quia

188 721 269 744 non
303 712 433 745 ostrea
466 707 523 743 illi
560 707 729 744 Lucrina
762 709 803 743 in
837 710 921 756 ipsa
954 720 1091 744 mensa
1123 708 1385 756 aperiuntur?

188 770 293 816 Quia
327 783 406 806 non
440 772 541 806 circa
575 772 827 806 cenationem
857 772 941 807 eius
975 769 1171 806 tumultus
1200 782 1383 806 cocorum

189 837 250 869 est
278 834 382 882 ipsos
413 845 503 868 cum
533 834 705 881 opsoniis
740 831 846 868 focos
879 831 1235 868 transferentium?
1292 831 1383 868 Hoc

188 897 295 931 enim
316 897 394 930 iam
421 894 575 930 luxuria
601 898 827 930 commenta
854 898 938 930 est:
968 906 1019 930 ne
1046 896 1133 943 quis
1159 896 1385 942 intepescat

189 957 313 1002 cibus,
346 970 397 993 ne
436 956 532 1005 quid
571 956 705 1005 palato
743 958 821 992 iam
859 955 1005 992 calloso
1043 968 1183 1004 parum
1216 955 1383 1000 ferveat,

120 1024 169 1061 24
189 1032 328 1056 cenam
356 1018 488 1055 culina
515 1021 777 1068 prosequitur.
837 1022 860 1039 “
875 1018 910 1055 O
935 1017 1139 1055 infelicem
1157 1031 1320 1068 aegrum
1337 1019 1344 1054 l
1362 1018 1382 1031 '’

189 1081 298 1127 edet,
319 1086 513 1131 quantum
535 1085 765 1130 concoquat.
828 1081 918 1117 Non
938 1081 1084 1117 iacebit
1104 1083 1145 1117 in
1165 1085 1383 1130 conspectu

188 1157 284 1193 aper
304 1148 348 1180 ut
368 1143 455 1180 vilis
472 1156 560 1179 caro
576 1157 598 1179 a
618 1156 755 1180 mensa
775 1142 990 1193 relegatus,
1006 1155 1080 1179 nec
1096 1146 1136 1179 in
1153 1146 1384 1192 repositorio

189 1209 274 1243 eius
295 1210 457 1255 pectora
483 1208 628 1250 avium,
650 1210 754 1242 totas
781 1208 888 1241 enim
915 1204 1050 1242 videre
1077 1205 1282 1242 fastidium
1309 1211 1383 1252 est,

189 1273 380 1318 congesta
422 1272 633 1316 ponentur.
712 1266 820 1313 Quid
859 1267 932 1303 tibi
970 1267 1063 1303 mali
1104 1267 1255 1304 factum
1294 1270 1384 1305 est?

190 1330 359 1367 Cenabis
388 1335 592 1379 tamquam
621 1341 754 1378 aeger,
783 1332 904 1365 immo
933 1329 1145 1379 aliquando
1179 1334 1383 1380 tamquam

190 1405 319 1429 sanus.

121 1456 170 1492 25
258 1453 339 1491 Sed
377 1456 510 1490 omnia
547 1456 622 1490 ista
660 1452 776 1490 facile
815 1453 1073 1502 perferemus,
1112 1454 1384 1500 sorbitionem,

191 1529 333 1566 aquam
354 1515 521 1552 calidam
543 1520 584 1552 et
604 1515 794 1565 quicquid
814 1515 922 1552 aliud
948 1515 1201 1553 intolerabile
1228 1516 1386 1553 videtur

192 1578 373 1615 delicatis
408 1582 450 1614 et
483 1577 577 1613 luxu
612 1577 825 1614 fluentibus
860 1580 1063 1628 magisque
1101 1581 1233 1615 animo
1266 1592 1384 1629 quam

193 1653 356 1691 corpore
372 1639 579 1683 morbidis3
610 1644 767 1675 tantum
783 1644 952 1676 mortem
969 1639 1195 1677 desinamus
1211 1640 1382 1678 horrere.

195 1703 435 1741 Desinemus
473 1706 621 1747 autem,
661 1704 691 1737 si
730 1701 826 1738 fines
872 1702 1065 1739 bonorum
1103 1716 1147 1739 ac
1192 1703 1384 1740 malorum

245 1834 260 1848 α
284 1827 358 1859 The
375 1826 469 1858 lacus
485 1825 656 1857 Lucrinus
673 1835 744 1857 was
760 1836 782 1857 a
798 1824 991 1858 salt-water
1012 1825 1152 1867 lagoon‚
1171 1837 1255 1858 near
1278 1827 1385 1859 Baiae

192 1873 227 1903 in
244 1871 451 1912 Campania.

246 1916 258 1934 ⁶
284 1915 352 1950 eze„
371 1916 408 1945 to
432 1913 476 1944 be
500 1911 628 1944 looked
651 1913 710 1949 αῖς
735 1911 834 1943 there
857 1922 916 1943 are
940 1912 1056 1944 better
1080 1912 1230 1946 dainties
1254 1924 1299 1945 on
1324 1913 1385 1946 the

192 1958 396 2032 taqless'anus
417 2001 446 2031 is
468 1998 556 2030 used
575 1998 624 2039 (l)
645 2008 684 2030 as
709 1997 907 2040 signifying
932 1999 1082 2031 “sound
1107 2001 1140 2031 in
1166 1999 1262 2042 body
1277 1999 1295 2012 '⁹
1314 2001 1384 2033 and

193 2045 243 2085 (⁵2)
259 2054 297 2076 as
314 2043 376 2076 'the
393 2043 556 2084 opposite
572 2041 613 2074 of
627 2041 779 2074 insanus.

197 2095 270 2140 196
