1434 2333
393 122 509 158 THE
539 120 794 158 EPISTLES
825 121 895 158 OF
925 120 1135 158 SENECA

99 210 147 246 25
167 221 286 258 quam
301 208 530 245 distractam
546 213 588 244 et
603 221 817 256 operosam.
868 208 951 244 Aut
971 210 1001 243 si
1023 207 1097 244 hoc
1110 207 1123 230 1
1144 211 1218 252 est,
1233 210 1358 256 magis

167 262 310 311 diliges
331 275 379 298 ex
395 261 549 298 duobus
564 273 689 310 aeque
710 262 822 297 bonis
838 263 928 297 viris
943 261 1115 297 nitidum
1132 266 1173 297 et
1193 266 1358 297 unctum

169 328 287 365 quam
325 314 650 363 pulverulentum
688 319 730 351 et
772 313 1010 351 horrentem.
1088 313 1246 350 Deinde
1284 314 1359 350 hoe

168 381 293 418 usque
320 371 541 418 pervenies,
562 373 607 404 ut
632 371 757 417 magis
782 367 924 416 diligas
950 370 1152 417 integrum
1176 368 1357 404 omnibus

169 423 355 459 membris
394 427 437 458 et
479 421 674 458 inlaesum
712 434 829 471 quam
868 421 1043 457 debilem
1080 426 1149 457 aut
1192 421 1356 458 luscum.

171 476 365 512 Paulatim
392 475 594 512 fastidium
622 480 733 511 tuum
762 475 830 510 illo
856 487 980 524 usque
1007 474 1211 523 procedet,
1238 479 1283 511 ut
1310 488 1358 511 ex

168 529 321 565 duobus
364 542 490 578 aeque
533 532 645 565 iustis
686 542 731 564 ac
774 527 1037 577 prudentibus
1080 533 1279 564 comatum
1317 533 1359 564 et

169 583 382 631 crispulum
396 582 410 606 2
429 582 552 619 malis.
614 582 692 618 Ubi
713 595 782 631 par
801 584 841 617 in
863 586 1030 631 utroque
1048 584 1169 618 virtus
1190 586 1264 626 est,
1280 594 1359 617 non

169 641 358 685 conparet
389 637 553 672 aliarum
581 649 713 672 rerum
746 635 1017 684 inaequalitas.
1077 634 1223 671 Omnia
1252 638 1359 671 enim

100 691 147 727 26
168 690 243 726 alia
262 703 343 726 non
364 695 508 739 parteS,
530 689 601 726 sed
620 692 864 726 accessiones
885 694 987 725 sunt.
1048 688 1153 724 Num
1170 691 1256 738 quis
1275 693 1359 724 tam

100 1546 148 1581 28

168 746 343 793 iniquam
374 756 579 780 censuram
608 746 714 779 inter
746 755 835 779 suos
863 745 960 791 agit,
989 747 1035 778 ut
1068 755 1206 778 sanum
1235 741 1359 778 filium

168 810 287 846 quam
307 810 470 846 aegrum
491 799 615 845 magis
635 796 791 845 diligat,
811 808 1068 844 procerumve
1089 800 1131 832 et
1157 795 1358 832 excelsum

168 864 287 900 quam
319 851 481 887 brevem
515 856 584 886 aut
613 850 841 886 modicum?
898 849 1019 886 Fetus
1053 862 1142 885 suos
1172 862 1251 885 non
1281 849 1359 885 dis-

168 907 360 953 tinguunt
393 903 500 940 ferae
530 908 571 940 et
606 916 647 940 se
676 907 717 939 in
745 903 980 939 alimentum
1008 906 1155 952 pariter
1183 905 1359 938 omnium

168 962 376 1001 sternunt;
405 970 496 994 aves
518 970 566 993 ex
586 970 713 1006 aequo
733 959 959 1005 partiuntur
979 957 1095 992 cibos.
1154 956 1290 992 Vlixes
1309 956 1360 992 ad

170 1011 331 1048 Ithacae
356 1023 448 1047 suae
475 1024 566 1047 saxa
593 1013 646 1046 sic
673 1015 871 1059 properat,
898 1009 1233 1059 quemadmodum
1255 1010 1359 1059 Aga-

168 1077 355 1101 memnon
376 1064 426 1101 ad
448 1064 707 1113 Mycenarum
728 1064 881 1100 nobiles
901 1076 1042 1100 muros.
1104 1063 1232 1099 Nemo
1252 1066 1357 1100 enim

168 1121 335 1167 patriam
356 1121 447 1167 quia
468 1131 611 1167 magna
631 1122 691 1154 est
711 1122 831 1162 amat,
852 1116 921 1153 sed
941 1119 1032 1166 quia
1053 1130 1130 1153 sua.

236 1171 412 1217 Quorsus
434 1171 531 1208 haec
552 1173 786 1220 pertinent?
836 1171 891 1208 Ut
911 1173 1008 1206 scias
1024 1173 1212 1207 virtutem
1228 1173 1359 1206 omnia

168 1239 287 1274 opera
322 1225 432 1261 velut
466 1224 571 1261 fetus
605 1237 694 1261 suos
727 1224 853 1261 isdem
887 1224 1009 1260 oculis
1043 1227 1203 1268 intueri,
1231 1237 1357 1273 aeque

169 1279 378 1327 indulgere
398 1279 581 1314 omnibus
602 1283 644 1314 et
663 1278 825 1327 quidem
845 1280 1049 1326 inpensius
1076 1277 1360 1322 laborantibus,

169 1335 354 1382 quoniam
375 1332 536 1382 quidem
558 1334 677 1368 etiam
705 1334 930 1380 parentium
950 1344 1058 1367 amor
1083 1333 1208 1380 magis
1234 1334 1275 1367 in
1299 1344 1359 1376 ea,

169 1399 335 1435 quorum
374 1389 596 1430 miseretur,
634 1385 808 1421 inclinat.
860 1384 1006 1421 -Virtus
1045 1397 1202 1434 quoque
1240 1397 1360 1433 opera

169 1453 251 1485 sua,
271 1452 372 1489 quae
393 1439 504 1476 videt
523 1439 637 1475 adfici
665 1444 707 1475 et
733 1441 872 1487 premi,
892 1451 972 1474 non
998 1441 1123 1487 magis
1149 1443 1268 1483 amat,
1289 1438 1359 1475 sed

168 1496 394 1542 parentium
415 1493 607 1529 bonorum
628 1505 735 1528 more
751 1495 876 1540 magis
897 1491 1163 1540 conplectitur
1177 1505 1222 1528 ac
1237 1491 1356 1529 fovet.

237 1546 369 1592 Quare
390 1559 469 1582 non
498 1551 559 1582 est
585 1545 709 1582 ullum
734 1546 879 1581 bonum
902 1544 1027 1582 altero
1047 1546 1200 1581 maius?
1256 1543 1360 1590 Quia

226 1647 234 1666 ¹
259 1652 319 1679 aut
342 1647 371 1678 si
393 1647 453 1679 hoc
478 1646 622 1683 Haase;
649 1650 678 1678 et
701 1646 730 1678 .ςὶ
753 1646 813 1678 Izoc
836 1644 966 1682 MSS&
989 1650 1026 1678 at
1048 1646 1078 1677 si
1100 1646 1160 1677 hoc
1183 1645 1361 1686 Schweig-

171 1691 454 1765 hagsledlliecheler
484 1735 649 1774 suggests
680 1731 741 1763 the
771 1731 942 1768 addition,
972 1731 1064 1763 aster
1095 1732 1295 1774 crispulum,
1324 1732 1364 1764 of

169 1788 271 1819 quam
288 1777 421 1809 cali-um
438 1780 469 1808 et
484 1776 712 1808 horridulum.

222 1917 237 1931 ¹¹
261 1910 294 1942 A
312 1910 419 1951 slight
435 1911 605 1942 variation
625 1909 666 1941 of
685 1909 746 1941 the
766 1908 845 1940 idea
864 1910 898 1940 in
920 1908 1054 1945 Cicero,
1069 1908 1119 1940 De
1139 1909 1234 1941 Orat.
1254 1910 1275 1942 i.
1298 1913 1357 1941 196

168 1954 198 1985 si
222 1964 282 1985 nos
306 1979 312 1985 .
342 1980 349 1986 .
378 1979 385 1986 .
412 1957 531 1986 nostra
553 1953 671 1995 patria
695 1952 848 1989 delectat,
867 1952 962 1983 cuius
981 1952 1033 1984 rei
1055 1955 1152 1983 tanta
1177 1957 1224 1984 est
1246 1953 1296 1984 vis
1319 1964 1359 1985 ac

170 2001 268 2028 tanta
287 2001 427 2034 natura,
441 2001 479 2028 ut
496 1996 651 2027 Ithacam
666 1996 764 2027 illam
779 1995 816 2027 in
829 1995 1028 2037 asperrimis
1039 1995 1168 2027 saaeulis
1184 1999 1358 2038 tamquam

170 2039 329 2071 nidulum
347 2041 497 2081 adfiaeam
511 2039 782 2081 sapientissimus
793 2039 847 2070 vir
858 2038 1113 2070 immortalitati
1125 2042 1354 2080 anteponeret.

176 2095 222 2128 18
