1434 2333
383 100 499 136 THE
529 100 785 137 EPISTLES
816 100 887 137 OF
917 100 1130 138 SENECA

157 191 295 225 virum.
358 189 571 237 Postquam
591 188 740 224 munda
760 187 903 224 balnea
928 190 1092 225 inventa
1112 193 1217 233 sunt,
1239 201 1349 237 spur-

91 251 138 288 13
159 253 282 287 ciores
305 255 407 286 sunt.
469 249 751 298 Descripturus
777 249 966 287 infamem
989 255 1031 286 et
1057 253 1188 286 nimiis
1202 250 1215 274 1
1235 255 1348 286 nota-

159 311 280 348 bilem
301 311 453 348 deliciis
476 311 666 349 Horatius
688 311 851 348 Flaccus
871 311 966 361 quid
987 313 1073 349 ait?

527 399 689 432 Pastillos
708 399 885 432 Buccillus
901 399 983 433 olet.

162 478 287 514 Dares
316 491 422 514 nunc
454 477 697 522 Buccillum3
732 478 898 527 proinde
928 483 1035 515 esset
1063 491 1107 514 ac
1137 481 1168 515 si
1198 478 1349 515 hircum

161 539 301 585 oleret,
341 539 531 589 Gargonii
568 539 655 576 loeo
694 545 814 586 esset,
853 553 973 591 quem
1011 540 1119 577 idem
1161 540 1350 576 Horatius

162 601 338 638 Buccillo
376 604 570 651 opposuit.
632 601 774 638 Parum
808 607 870 639 est
899 614 1054 639 sumere
1084 607 1350 651 unguentum,

161 666 235 699 nisi
256 664 314 699 bis
335 663 399 700 die
420 669 561 714 terque
581 669 806 710 renovatur,
821 677 872 701 ne
890 669 1101 702 evanescat
1119 667 1160 701 in
1177 676 1348 713 corpore.

163 725 283 771 Quid,
304 725 410 775 quod
431 725 505 762 hoc
525 726 645 762 odore
665 731 868 776 tamquam
889 739 958 763 suo
979 726 1226 775 gloriantur?

95 792 142 828 14
231 788 345 824 Haec
372 791 403 824 si
429 788 503 824 tibi
529 791 696 825 nimium
723 791 851 825 tristia
877 788 1132 834 videbuntur,
1152 788 1268 825 villae
1293 791 1352 824 in-

163 850 333 898 putabis,
354 853 395 886 in
416 863 493 900 qua
513 850 634 886 didici
654 850 704 886 ab
719 850 898 899 Aegialo,
915 850 1220 899 diligentissimo
1240 854 1353 899 patre

162 911 349 957 familiae,
365 915 397 948 is
418 915 525 949 enim
546 925 652 949 nunc
668 912 784 948 huius
804 915 887 962 agri
908 925 1107 962 possessor
1127 917 1200 958 est,
1217 924 1352 962 quam-

164 977 220 1011 vis
236 980 350 1011 vetus
371 975 576 1011 arbustum
596 988 710 1024 posse
731 974 944 1012 transferri.
1006 975 1096 1011 Hoc
1117 975 1230 1011 nobis
1250 977 1353 1011 seni-

163 1038 236 1073 bus
256 1037 407 1073 discere
429 1040 694 1074 necessarium
715 1042 788 1082 est,
809 1050 976 1087 quorum
996 1050 1114 1074 nemo
1133 1050 1213 1073 non
1234 1036 1353 1073 olive-

165 1105 251 1136 tum
280 1099 395 1135 alteri
424 1102 548 1148 ponit.
609 1098 726 1145 Quod
754 1099 834 1136 vidi
858 1099 958 1135 illud
984 1100 1167 1136 arborum
1192 1102 1354 1136 trimum

98 1165 144 1200 15
166 1166 208 1198 et
228 1161 477 1210 quadrimum
498 1160 728 1197 fastidiendi
749 1160 901 1197 fructus
921 1166 990 1197 aut
1010 1160 1243 1210 deponere.·2
1299 1160 1356 1197 Te

166 1235 323 1272 quoque
345 1227 531 1271 proteget
551 1222 631 1267 illa,
653 1235 753 1272 quae

319 1299 435 1331 Tarda
452 1301 547 1332 venit
564 1301 650 1332 seris
667 1300 805 1332 factura
822 1299 1012 1341 nepotibus
1029 1299 1203 1336 umbram,

167 1375 211 1405 ut
240 1372 296 1406 ait
321 1369 518 1418 Vergilius
547 1375 694 1415 noster,
721 1372 789 1419 qui
814 1383 893 1406 non
921 1369 1017 1419 quid
1044 1372 1258 1415 verissime,
1285 1370 1355 1407 sed

167 1431 263 1481 quid
301 1431 583 1468 decentissime
622 1432 823 1468 diceretur
860 1435 1015 1481 aspexit
1053 1445 1128 1469 nec
1165 1432 1356 1481 agricolas

101 1498 146 1534 16
167 1493 310 1530 docere
338 1493 475 1539 voluit,
496 1494 566 1531 sed
593 1494 776 1544 legentes
804 1494 1016 1532 delectare.
1074 1495 1189 1540 Nam,
1210 1499 1255 1531 ut
1281 1494 1357 1531 alia

167 1558 299 1592 omnia
328 1561 540 1601 transeam,
570 1556 644 1593 hoc
675 1556 781 1606 quod
810 1556 908 1593 mihi
937 1556 1058 1594 hodie
1088 1569 1250 1594 neeesse
1280 1556 1357 1594 fuit

166 1617 483 1668 deprehendere,
503 1618 722 1655 adscribam
738 1633 746 1655 :

222 1704 233 1723 ¹
257 1704 374 1736 nimiis
391 1703 534 1746 Lipsius
551 1718 559 1740 ;
584 1705 687 1737 nimis
703 1705 801 1737 VPb.

221 1746 234 1766 ²
257 1746 332 1822 Τὶέθ
348 1757 500 1789 passage
521 1749 612 1789 qnod
634 1748 704 1780 vicli
728 1774 734 1781 .
764 1774 771 1781 .
801 1774 807 1781 .
835 1752 895 1780 aut
918 1748 1083 1791 deponere
1105 1749 1133 1780 is
1155 1748 1358 1791 hopelessly

168 1801 294 1832 corrup
314 1816 320 1823 .

223 1892 237 1905 α
263 1885 403 1917 Horace
434 1885 518 1917 calls
550 1886 623 1917 him
661 1885 811 1918 Rufillus
843 1886 929 1927 (Sat.
966 1888 986 1919 i.
1022 1889 1051 1919 2.
1086 1889 1140 1928 27)
1156 1901 1163 1919 :
1198 1887 1358 1929 pastillos

170 1928 320 1969 Rufillus
336 1929 412 1964 olet,
434 1929 628 1971 Garqonz‘ns
645 1929 786 1962 hircum.

224 1972 236 1990 ὁ
259 1971 344 2003 This
362 1982 476 2004 seems
493 1975 530 2004 to
547 1972 591 2004 be
607 1972 669 2004 the
684 1973 828 2014 general
844 1974 1013 2014 meaning
1028 1972 1068 2005 of
1081 1973 1142 2005 the
1158 1983 1319 2016 passage.

224 2020 235 2033 ⁰
262 2014 430 2056 Georyics,
449 2017 482 2048 ii.
503 2018 553 2048 58.

171 2069 247 2102 318
