1434 2333
405 112 520 148 THE
550 111 803 148 EPISTLES
833 111 903 147 OF
932 111 1141 148 SENECA

178 203 384 247 pateretur
413 200 574 234 animo?
643 197 750 242 Quid
789 201 895 234 enim
925 201 1155 234 mutationis
1190 198 1364 247 periculo

178 275 420 323 exceptum?
487 273 576 309 Non
605 278 723 318 terra,
751 286 832 309 non
861 273 1027 319 caelum,
1056 287 1136 310 non
1165 279 1272 311 totus
1300 275 1364 311 hic

177 362 308 386 rerum
361 352 538 385 omnium
590 354 814 394 contextus,
864 352 1040 399 quamvis
1091 350 1166 387 deo
1217 356 1364 400 agente

177 424 354 461 ducatur.
428 425 518 461 Non
553 437 710 475 semper
741 425 898 462 tenebit
931 424 1037 461 hune
1071 425 1263 471 ordinem,
1294 426 1365 463 sed

111 503 158 539 13
176 500 289 536 illum
313 513 362 537 ex
388 500 462 537 hoc
483 513 596 537 cursu
617 501 757 551 aliquis
786 501 871 538 dies
898 501 1056 537 deiciet.
1115 501 1240 538 Certis
1267 507 1365 538 eunt

177 580 321 612 cuncta
346 577 614 625 temporibus;
643 579 749 613 nasci
776 576 940 621 debent,
961 589 1150 621 crescere,
1171 579 1362 626 extingui.

177 651 463 702 Quaecumque
484 665 600 701 supra
620 665 690 688 nos
711 652 819 689 vides
841 665 1009 698 currere,
1031 657 1071 689 et
1091 651 1202 697 haec,
1224 653 1365 702 quibus

176 731 335 766 inmixti
380 733 500 778 atque
547 731 708 777 inpositi
756 741 888 764 sumus
936 727 1059 764 veluti
1109 727 1365 772 solidissimis,

176 810 389 855 carpentur
412 817 457 840 ac
482 804 677 840 desinent.
738 803 847 840 Nulli
871 817 951 839 non
977 808 1161 840 senectus
1188 817 1256 839 sua
1281 808 1365 846 est3

174 880 448 931 inaequalibus
500 882 574 915 ista
621 882 757 928 spatiis
804 879 946 916 eodem
993 885 1133 916 natura
1183 879 1362 916 dimittit.

177 956 376 1006 Quicquid
407 961 481 1000 est,
511 968 591 991 non
621 958 706 1001 erit,
739 968 813 991 nec
848 955 1004 1004 peribit,
1036 954 1106 991 sed
1135 955 1362 991 resolvetur.

110 1034 157 1070 14
179 1033 301 1068 Nobis
330 1032 427 1068 solvi
456 1034 584 1080 perire
615 1036 687 1076 est,
718 1034 894 1079 proxima
924 1033 1030 1066 enim
1060 1033 1284 1073 intuemur3
1314 1030 1364 1066 ad

176 1108 363 1145 ulteriora
383 1120 463 1143 non
484 1109 672 1156 prospicit
692 1120 804 1143 mens
824 1107 948 1143 hebes
969 1112 1010 1142 et
1030 1119 1130 1156 quae
1152 1119 1192 1142 se
1214 1109 1365 1155 corpori

176 1184 396 1227 addixerit3
456 1182 602 1231 alioqui
653 1181 792 1218 fortius
845 1182 963 1218 finem
1016 1184 1073 1218 sui
1126 1195 1364 1232 suorumque

177 1264 394 1309 pateretur,
416 1261 447 1294 si
477 1262 666 1307 speraret,
687 1257 757 1293 ut1
779 1260 909 1294 omnia
935 1257 1013 1303 illa,
1035 1260 1088 1294 sic
1115 1260 1236 1294 vitam
1263 1272 1364 1295 mor-

178 1341 340 1385 temque
367 1347 437 1383 per
457 1336 562 1369 vices
585 1335 641 1368 ire
669 1338 711 1369 et
737 1335 953 1381 composita
981 1332 1152 1377 dissolxi,
1173 1333 1364 1371 dissoluta

177 1413 373 1460 componi,
394 1413 434 1446 in
464 1409 537 1445 hoc
567 1421 687 1458 opere
716 1414 920 1445 aeternam
946 1414 1073 1445 artem
1100 1414 1242 1445 cuncta
1262 1414 1362 1447 tem-

177 1489 353 1536 perantis
374 1485 438 1522 dei
460 1487 571 1521 verti.

111 1567 157 1603 15
246 1562 386 1612 Itaque
400 1566 443 1597 ut
463 1560 515 1597 M.
536 1560 645 1605 Cato,
659 1573 748 1596 cum
761 1573 902 1596 aevum
915 1562 1046 1596 animo
1062 1564 1363 1609 percucurrerit,

177 1641 285 1678 dicet
300 1654 307 1675 :
339 1644 362 1660 ‘¹
376 1651 492 1675 omne
509 1638 727 1674 humanum
743 1651 881 1687 genus,
897 1638 1083 1688 quodque
1100 1644 1160 1675 est
1176 1640 1362 1689 quodque

178 1720 266 1761 erit,
296 1721 422 1752 morte
457 1715 689 1751 damnatum
721 1719 791 1751 est.
869 1714 1033 1759 Omnes,
1063 1727 1163 1764 quae
1198 1728 1362 1765 usquam

175 1807 307 1831 rerum
328 1795 535 1842 potiuntur
550 1792 666 1828 urbes
682 1804 862 1840 quaeque
879 1790 1095 1827 alienorum
1109 1794 1362 1840 imperiorum

178 1882 321 1919 magna
341 1873 433 1905 sunt
459 1868 614 1913 decora,
634 1868 701 1903 ubi
728 1867 889 1911 fuerint,
911 1867 1122 1916 aliquando
1150 1874 1363 1916 quaeretur

556 1945 567 1963 ¹
594 1949 630 1976 ut
645 1944 762 1976 added
778 1944 827 1986 by
844 1943 975 1976 Haase.

398 2022 413 2035 α
439 2015 492 2054 Cf.
515 2014 580 2056 Ep.
600 2015 645 2046 ix.
664 2016 702 2045 16
713 2013 737 2046 f.
759 2013 903 2046 resoluto
921 2015 1057 2050 mundo,
1077 2016 1142 2048 etc.

180 2073 229 2105 80
