1434 2333
419 134 535 169 THE
565 133 817 170 EPISTLES
848 133 918 170 OF
946 132 1154 170 SENECA

198 220 347 257 fecerat
411 225 709 264 retractantem,
761 220 1139 256 calamitosissimum
1203 221 1378 255 omnium

200 279 397 328 Regulum
426 279 518 315 fidei
547 291 693 328 poenas
723 281 843 315 etiam
872 278 1051 315 hostibus
1078 282 1254 315 servatae
1284 290 1379 325 pen-

198 338 374 374 dentem.
434 338 556 387 Atqui
582 350 699 374 nemo
726 337 801 373 hoc
829 337 975 382 dicere,
995 350 1046 374 ne
1073 349 1121 373 ex
1144 336 1381 373 mollissimis

199 396 374 446 quidem,
395 410 509 433 ausus
531 401 601 433 est.
662 396 824 446 Negant
845 398 952 432 enim
971 395 1084 431 illum
1100 408 1185 432 esse
1204 395 1381 439 beatum,

132 451 180 488 18
199 455 270 491 sed
317 460 450 492 tamen
488 460 640 505 negant
686 458 883 491 miserum.
961 454 1189 491 Academici
1229 458 1383 489 veteres

199 516 361 551 beatum
409 514 570 564 quidem
618 527 703 551 esse
752 517 872 550 etiam
918 516 1024 549 inter
1071 512 1141 548 hos
1188 514 1383 548 cruciatus

199 573 390 618 fatentur,
430 573 499 610 sed
537 586 616 609 non
655 573 705 609 ad
748 572 970 622 perfectum
1008 584 1082 608 nec
1120 570 1170 607 ad
1207 570 1381 619 plenum.

200 633 319 678 Quod
348 633 457 668 nullo
488 632 604 668 modo
634 637 768 681 potest
796 634 942 680 recipi3
970 633 1045 667 nisi
1074 631 1214 666 beatus
1243 634 1317 674 est,
1344 632 1384 664 in

201 705 353 728 summo
382 692 486 727 bono
516 705 595 727 non
625 696 696 728 est.
756 690 874 736 Quod
908 703 1105 726 summum
1134 689 1282 725 bonum
1311 692 1385 732 est,

201 764 317 800 supra
343 764 384 787 se
411 750 577 799 gradum
597 763 677 786 non
697 749 832 794 habet,
854 752 884 785 si
905 749 1021 785 modo
1047 748 1104 784 illi
1124 750 1247 784 virtus
1267 750 1385 791 inest,

201 812 232 845 si
258 810 366 845 illam
392 809 554 845 adversa
579 822 658 844 non
682 811 880 852 minuunt,
901 808 957 843 si1
978 811 1115 843 manet
1141 809 1261 843 etiam
1282 818 1386 841 com-

202 872 356 904 minuto
377 881 538 917 corpore
565 868 794 910 incolumis3
823 872 959 902 manet
979 871 1124 902 autem.
1184 865 1385 901 Virtutem

203 930 310 964 enim
339 927 532 975 intellego
561 929 776 962 animosam
807 930 847 962 et
875 924 1084 969 excelsam,
1104 937 1222 973 quam
1246 926 1387 960 incitat

136 988 184 1024 19
203 986 391 1037 quicquid
439 985 613 1022 infestat.
699 985 820 1021 Hunc
867 987 1055 1028 animum,
1102 995 1222 1032 quem
1269 995 1387 1030 saepe

203 1046 375 1082 induunt
422 1057 638 1094 generosae
686 1043 828 1080 indolis
867 1046 1042 1086 iuveneS,
1081 1054 1178 1091 quos
1224 1041 1388 1077 alicuius

204 1105 396 1142 honestae
418 1106 472 1140 rei
501 1102 754 1152 pulchritudo
784 1104 990 1151 percussit,
1011 1106 1056 1137 ut
1075 1103 1205 1136 omnia
1226 1099 1389 1137 fortuita

205 1168 478 1208 contemnant,
531 1162 708 1211 profecto
765 1162 959 1210 sapientia
1009 1159 1149 1195 nobis2
1200 1158 1389 1195 infundet

206 1230 248 1261 et
285 1223 428 1260 tradet.
499 1220 757 1258 Persuadebit
800 1232 921 1255 unuln
964 1219 1112 1254 bonum
1151 1230 1249 1262 esse,
1283 1218 1389 1267 quod

206 1284 442 1324 honestum3
477 1280 550 1316 hoc
584 1293 658 1316 nec
688 1281 838 1315 remitti
867 1290 940 1314 nec
969 1276 1125 1313 intendi
1154 1289 1281 1325 posse,
1310 1290 1390 1313 non

206 1344 331 1390 magis
374 1353 491 1389 quam
533 1338 725 1387 regulam,
762 1351 839 1387 qua
882 1341 1035 1373 rectum
1082 1335 1237 1384 probari
1275 1335 1390 1380 solet,

206 1400 353 1437 flectes.
413 1397 613 1447 Quicquid
636 1410 683 1433 ex
704 1396 771 1432 illa
790 1397 1016 1439 mutaveris,
1037 1397 1177 1430 iniuria
1197 1399 1258 1430 est
1278 1397 1388 1430 recti.

138 1461 188 1497 20
210 1460 322 1496 Idem
352 1471 445 1507 ergo
477 1457 526 1493 de
561 1459 707 1492 virtute
739 1455 941 1491 dicemus:
981 1458 1022 1490 et
1053 1453 1151 1489 haec
1180 1457 1288 1489 recta
1317 1458 1391 1497 est,

206 1518 393 1555 flexuram
441 1529 521 1551 non
568 1517 718 1563 recipit.
797 1512 937 1562 Rigida
975 1512 1044 1549 re3
1082 1511 1178 1561 quid
1224 1511 1392 1560 amplius

207 1576 363 1614 intendi
384 1579 517 1624 potest
534 1576 548 1610 ?
606 1573 719 1609 Haec
746 1572 796 1609 de
819 1572 1001 1608 omnibus
1021 1571 1138 1607 rebus
1158 1570 1320 1615 iudicat,
1340 1570 1390 1606 de

207 1636 280 1672 hac
301 1635 419 1671 nulla.
479 1633 519 1669 Si
546 1635 689 1669 rectior
708 1634 790 1680 ipsa
817 1644 897 1667 non
923 1634 1056 1679 potest
1076 1629 1171 1674 fieri,
1192 1642 1242 1665 ne
1263 1642 1364 1678 quae
1378 1630 1392 1652 4

546 1718 554 1736 ¹
578 1718 608 1749 si
624 1717 712 1749 later
728 1715 830 1748 MSS.
849 1729 858 1753 ς
880 1716 938 1748 sed
952 1715 1053 1747 VPb.

518 1761 530 1780 2
556 1761 648 1792 nobis
665 1759 848 1792 Chatelain
863 1772 872 1795 ;
897 1769 965 1790 non
982 1757 1082 1790 VPb.

475 1805 487 1824 ³
510 1804 624 1846 riqida
641 1814 676 1835 re
693 1802 810 1844 Capps
825 1815 833 1837 ς
857 1801 1006 1842 riqidari
1022 1800 1125 1833 MSS.

401 1849 412 1867 ⁴
436 1859 476 1879 ne
492 1859 576 1890 quae
593 1846 737 1882 Haase;
760 1856 863 1887 neque
881 1844 929 1880 P;
956 1855 1012 1876 nec
1028 1854 1113 1886 quae
1129 1843 1199 1875 Vb.

262 1960 275 1973 ¹¹
301 1963 378 1993 ay..
404 1950 621 1982 Xenocrates
649 1948 720 1979 and
747 1947 989 1988 Speusippus;
1028 1946 1070 1987 cf.
1099 1945 1166 1987 Ep.
1197 1945 1310 1976 lxxxv.
1341 1947 1389 1976 18.

210 1996 278 2027 For
294 1994 442 2026 another
458 2003 594 2025 answer
609 1995 646 2023 to
663 1991 723 2023 the
745 1990 920 2032 objection
939 1989 1018 2020 that
1039 1988 1099 2020 the
1121 1988 1214 2030 good
1236 1987 1393 2030 depends

208 2049 303 2080 upon
320 2036 479 2070 outward
495 2037 768 2068 circumstances
785 2033 828 2076 cf.
848 2032 917 2075 Ep.
936 2033 1014 2064 xcii.
1038 2031 1111 2064 14f.

213 2096 262 2128 84
