1434 2333
391 116 507 153 THE
537 114 790 152 EPISTLES
820 113 891 151 OF
919 113 1129 151 SENECA

127 202 150 239 8
169 203 396 254 Aliquando
429 208 578 247 tamen,
613 204 733 239 etiam
767 204 798 238 si
836 205 944 237 certa
975 214 1078 237 mors
1115 199 1279 237 instabit
1313 202 1355 234 et

168 263 412 300 destinatum
443 262 515 298 sibi
549 260 786 310 supplicium
815 263 926 305 sciet,
954 273 1034 296 non
1062 256 1354 296 commodabit1

169 334 320 371 poenae
342 334 434 357 suae
454 333 638 363 manum3
667 319 741 356 sibi
763 318 1040 355 commodaret.
1099 317 1279 354 Stultitia
1295 320 1355 352 est

169 384 310 417 timore
339 382 476 416 mortis
509 381 618 415 mori.
681 378 803 414 Venit
837 380 904 426 qui
937 377 1100 413 occidat.
1165 376 1353 424 Expecta.

170 439 278 485 Quid
311 439 505 487 occupas?
564 437 695 483 Quare
730 439 893 485 suscipis
926 435 1078 472 alienae
1110 434 1356 471 crudelitatis

170 498 515 547 procurationem?
594 495 736 532 Utrum
782 494 936 531 invides
983 493 1153 530 carnifici
1200 497 1269 529 tuo
1307 505 1357 527 an

130 564 150 600 9
170 558 324 606 parcis?
380 555 561 592 Socrates
595 557 727 604 potuit
755 555 997 590 abstinentia
1025 552 1135 588 finire
1165 554 1287 587 vitam
1316 555 1359 587 et

169 615 303 652 inedia
333 618 464 665 potius
495 627 613 664 quam
643 626 798 650 veneno
829 615 937 649 mori.
1010 611 1190 660 Triginta
1222 615 1358 646 tamen

171 675 255 712 dies
275 678 316 710 in
337 686 492 710 carcere
517 678 558 709 et
584 676 624 709 in
652 675 931 721 expectatione
952 673 1089 707 mortis
1110 672 1258 718 exegit,
1278 681 1360 704 non

170 733 245 770 hoc
274 736 404 769 animo
438 738 639 781 tamquam
674 733 805 767 omnia
837 730 920 766 fieri
953 733 1128 779 possent,
1157 734 1359 776 tamquam

171 792 316 828 multas
350 804 438 840 spes
467 796 550 827 tam
582 790 746 839 longum
779 794 937 838 tempus
970 790 1179 836 reciperet,
1214 786 1283 823 sed
1314 790 1360 821 ut

172 851 382 900 praeberet
407 863 447 886 se
474 849 642 898 legibus,
664 853 709 884 ut
735 847 949 884 fruendum
975 849 1109 882 amicis
1137 850 1360 882 extremum

173 910 363 946 Socraten
399 908 522 945 daret.
582 906 691 952 Quid
725 912 809 943 erat
843 905 1002 943 stultius
1035 918 1153 954 quam
1190 908 1360 940 mortem

173 974 444 1012 contemnere,
466 979 665 1003 venenum
685 966 855 1002 timere?

109 1026 156 1062 lO
241 1027 456 1071 Scribonia,
478 1028 604 1074 gravis
625 1024 786 1069 femina,
805 1027 926 1060 amita
950 1023 1069 1059 Drusi
1092 1022 1253 1058 Libonis
1273 1020 1363 1066 fuit,

174 1086 441 1122 adulescentis
470 1089 551 1121 tam
579 1083 739 1120 stolidi2
768 1095 887 1132 quam
915 1082 1070 1126 nobilis,
1100 1083 1246 1117 maiora
1275 1092 1362 1129 spe-

175 1148 296 1181 rantis
331 1157 448 1193 quam
482 1142 550 1178 illo
584 1141 740 1178 saeculo
771 1145 977 1191 quisquam
1012 1152 1167 1190 sperare
1206 1143 1362 1188 poterat

175 1209 243 1240 aut
263 1206 346 1252 ipse
368 1202 457 1239 ullo.
518 1202 616 1237 Cum
636 1213 756 1250 aeger
784 1214 806 1236 a
834 1205 974 1236 senatu
993 1202 1034 1235 in
1054 1199 1196 1235 lectica
1216 1198 1363 1234 relatus

176 1268 281 1299 esset
312 1275 391 1298 non
425 1274 518 1296 sane
553 1260 827 1309 frequentibus
862 1261 1052 1308 exequiis,
1085 1270 1222 1294 omnes
1257 1259 1362 1293 enim

176 1324 384 1358 necessarii
432 1319 689 1356 deseruerant
736 1321 856 1367 impie
898 1321 973 1354 iam
1012 1331 1093 1353 non
1131 1330 1255 1362 reum,
1294 1316 1363 1352 sed

178 1380 318 1423 funus3
353 1379 500 1415 habere
530 1381 662 1426 coepit
691 1377 912 1422 consilium,
941 1382 1074 1413 utrum
1103 1378 1364 1412 conscisceret

177 1444 345 1476 mortem
374 1451 424 1474 an
453 1441 694 1486 expectaret.
755 1435 826 1472 Cui
855 1435 1080 1472 Scribonia:
1110 1433 1255 1479 “Quid
1284 1434 1362 1480 te,”

231 1505 489 1557 {commodabit
520 1505 607 1536 later
632 1503 760 1541 MSS.;
791 1503 1036 1536 commendabit
1060 1503 1172 1540 VPb;
1203 1514 1366 1535 commen-

178 1552 382 1625 ἅωῖῐιειξῖἰίάί
397 1591 601 1623 Torrentius
616 1604 624 1627 ;
647 1590 748 1622 solidi
764 1589 866 1622 MSS.

232 1679 245 1692 α
272 1673 340 1707 isa,
355 1672 385 1702 if
398 1670 442 1702 he
456 1673 550 1702 must
563 1669 691 1702 choose
704 1669 863 1701 between
877 1669 1021 1710 helping
1037 1669 1143 1710 along
1154 1669 1208 1701 his
1222 1669 1365 1711 punish-

180 1718 278 1747 ment
293 1715 342 1756 by
359 1713 503 1750 suicide,
521 1724 560 1744 or
581 1713 724 1754 helping
745 1712 889 1744 himself
908 1712 956 1753 by
975 1713 1119 1754 staying
1141 1712 1230 1744 alive
1253 1712 1365 1744 under

180 1761 314 1791 torture
330 1757 401 1789 and
417 1757 610 1798 practising
625 1756 686 1788 the
700 1757 830 1787 virtues
847 1755 930 1787 thus
947 1755 1101 1797 brought
1117 1756 1191 1788 into
1207 1755 1301 1797 play,
1320 1756 1364 1787 he

181 1801 249 1833 will
265 1801 395 1833 choose
411 1799 472 1831 the
488 1798 715 1836 ladem—sibi
731 1799 954 1831 commodare.

234 1846 246 1864 ὸ
269 1844 336 1877 See
367 1843 427 1875 the
458 1844 655 1884 imaginary
686 1841 849 1883 dialogue
876 1843 911 1873 in
944 1840 1074 1874 Plato's
1107 1841 1202 1874 Crito
1230 1842 1285 1882 (50
1312 1841 1364 1882 ff.)

180 1889 339 1962 bfftween
357 1886 519 1961 Sgcrates
536 1885 607 1917 and
625 1885 686 1917 the
704 1884 872 1917 Laws—a
896 1895 1046 1926 passage
1062 1884 1176 1917 which
1200 1884 1366 1927 develops

180 1934 193 1962 t
222 1932 250 1963 is
267 1931 379 1971 thoug
405 1932 429 1961 t.

235 1980 246 1993 ⁰
270 1973 354 2005 And
368 1975 406 2004 to
423 1972 566 2004 commit
584 1971 717 2003 suicide
734 1972 768 2003 in
785 1970 888 2003 order
903 1974 940 2003 to
957 1981 1084 2012 escape
1101 1972 1299 2012 poisoning.

234 2019 249 2036 a
274 2016 342 2048 For
375 2026 397 2047 a
411 2035 416 2042 ·
428 2025 524 2047 more
558 2014 732 2056 complete
763 2017 914 2046 account
948 2013 988 2046 of
1022 2013 1092 2045 this
1126 2014 1287 2056 tragedy
1308 2024 1366 2046 see

181 2068 234 2105 60
