1434 2333
387 122 502 160 THE
530 123 784 161 EPISTLES
815 124 886 162 OF
915 124 1126 162 SENECA

232 209 322 246 Non
350 210 599 247 mehercules
627 214 761 248 ieiuna
790 225 875 249 esse
905 217 947 249 et
981 212 1089 249 arida
1116 212 1218 257 volo,
1247 224 1348 261 quae

163 268 214 304 de
243 269 360 305 rebus
389 274 471 305 tam
500 273 653 319 magnis
682 270 890 315 dicentur3
928 284 1058 321 neque
1089 273 1195 307 enim
1224 270 1351 320 philo-

164 326 302 375 sophia
338 330 500 377 ingenio
538 332 752 366 renuntiat.
822 330 997 367 Multum
1035 335 1170 366 tamen
1208 342 1351 378 operae

122 387 144 423 4
163 386 330 434 inpendi
367 387 495 424 verbis
542 401 622 424 non
670 394 838 438 oportet.
918 389 1031 425 Haec
1070 391 1121 425 sit
1162 390 1352 437 propositi

163 448 288 481 nostri
339 458 513 482 summa:
570 447 676 496 quod
728 451 920 484 sentimus
975 448 1194 497 loquamur,
1246 445 1353 496 quod

164 503 362 553 loquimur
409 508 652 550 sentiamus3
703 507 918 543 concordet
957 520 1085 543 sermo
1127 519 1217 542 cum
1258 508 1350 541 vita.

166 562 239 599 Ille
278 567 511 612 promissum
546 578 660 602 suum
693 565 874 615 inplevit,
909 568 989 615 qui,
1022 570 1064 602 et
1097 578 1186 601 cum
1220 564 1354 600 videas

122 625 144 661 5
164 621 277 658 illum
307 628 348 659 et
378 637 467 659 cum
498 624 645 669 audias,
675 624 783 660 idem
813 630 884 661 est.
953 624 1198 668 Videbimus,
1228 622 1354 672 qualis

165 683 228 726 sit,
262 687 434 731 quantus
472 686 549 726 sit;
588 696 689 719 unus
728 686 788 720 sit.
861 683 952 719 Non
991 683 1199 719 delectent
1238 682 1355 718 verba

164 745 311 785 nostra,
332 741 402 777 sed
426 744 587 790 prosint.
647 742 687 779 Si
714 747 851 779 tamen
871 745 1104 791 contingere
1126 741 1355 791 eloquentia

165 812 245 835 non
283 799 453 836 sollicito
490 806 636 849 potest,
676 804 707 837 si
745 806 814 837 aut
856 806 992 850 parata
1031 806 1092 837 est
1129 805 1198 836 aut
1236 813 1355 849 parvo

165 863 334 904 constat,
361 859 464 895 adsit
494 865 536 896 et
564 873 625 896 res
654 860 938 908 pulcherrimas
967 864 1235 909 prosequatur.
1295 858 1355 895 Sit

165 917 267 963 talis,
290 923 333 954 ut
354 931 415 954 res
439 921 570 967 potius
591 932 707 968 quam
729 932 770 956 se
791 919 987 956 ostendat.
1047 918 1161 954 Aliae
1181 923 1286 954 artes
1306 917 1357 954 ad

164 979 371 1026 ingenium
391 982 500 1014 totae
522 980 740 1026 pertinent,
761 978 825 1014 hic
845 980 965 1014 animi
985 980 1192 1026 negotium
1212 979 1353 1026 agitur.

122 1036 144 1073 6
236 1036 324 1072 Non
353 1039 508 1085 quaerit
533 1050 653 1086 aeger
678 1037 879 1073 medicum
905 1036 1191 1086 eloquentem,1
1214 1036 1296 1081 sed,
1324 1038 1355 1071 si

164 1098 221 1132 ita
246 1098 440 1144 conpetit,
461 1101 505 1132 ut
532 1096 639 1132 idem
666 1096 746 1141 ille,
767 1099 834 1146 qui
864 1109 1000 1133 sanare
1028 1100 1175 1144 potest,
1196 1099 1355 1143 compte

165 1153 215 1190 de
249 1157 308 1199 iis,
338 1167 439 1204 quae
473 1154 654 1191 facienda
688 1160 792 1200 sunt,
823 1155 1003 1200 disserat,
1033 1155 1126 1190 boni
1161 1153 1352 1190 consulet.

166 1213 257 1249 Non
278 1218 414 1250 tamen
436 1217 523 1259 erit,
544 1227 665 1263 quare
692 1214 915 1263 gratuletur
935 1214 1021 1259 sibi,
1043 1213 1149 1263 quod
1169 1213 1357 1249 inciderit

165 1275 206 1308 in
244 1272 444 1309 medicum
478 1276 598 1309 etiam
637 1273 840 1310 disertum.
901 1273 991 1309 Hoc
1026 1276 1132 1309 enim
1167 1271 1246 1308 tale
1281 1276 1356 1316 est,

166 1332 282 1382 quale
331 1335 361 1368 si
409 1334 560 1381 peritus
607 1332 849 1381 gubernator
891 1334 1010 1368 etiam
1050 1331 1243 1367 formosus
1282 1335 1353 1367 est.

123 1392 144 1430 7
167 1391 276 1436 Quid
308 1404 421 1427 aures
454 1404 562 1427 meas
596 1391 749 1427 scabis?
817 1390 925 1436 Quid
958 1390 1163 1426 oblectas?
1233 1388 1356 1425 Aliud

165 1453 320 1500 agitur;
363 1449 551 1495 urendus,
584 1449 791 1494 secandus,
824 1449 1085 1486 abstinendus
1123 1462 1219 1485 sum.
1292 1447 1356 1484 Ad

166 1509 264 1546 haec
284 1509 486 1545 adhibitus
506 1522 558 1545 es.

233 1568 377 1604 Curare
399 1568 521 1604 debes
541 1568 721 1603 morbum
738 1572 928 1612 veterem,
945 1580 1118 1616 gravem,
1139 1566 1354 1615 publicum.

166 1628 340 1664 Tantum
391 1629 544 1676 negotii
601 1626 736 1671 habes,
788 1631 981 1675 quantum
1034 1629 1075 1661 in
1126 1625 1358 1675 pestilentia

350 1712 359 1731 ¹
384 1713 586 1754 eloquentem
605 1712 693 1744 later
711 1711 814 1744 MSS.
833 1725 841 1748 ;
866 1712 1051 1753 loquentem
1070 1709 1170 1743 VPb.

220 1823 235 1837 α
261 1816 314 1858 Cf.
337 1816 407 1858 Ep.
434 1817 522 1848 cxiv.
554 1818 567 1846 1
596 1815 676 1847 talis
699 1814 888 1847 hominibus
904 1814 979 1856 fuit
1003 1814 1115 1845 oratio
1139 1813 1250 1856 qualis
1272 1813 1354 1853 vita,

167 1859 239 1892 and
251 1860 382 1902 passim
399 1860 433 1890 in
452 1859 545 1901 ΕΜ).
565 1858 625 1892 xl..
644 1858 735 1890 lxxv.
756 1858 826 1889 and
843 1858 931 1889 cxiv.

221 1904 233 1923 b
257 1903 461 1944 Eloquence
488 1902 559 1933 and
586 1902 647 1934 the
671 1901 772 1933 other
799 1903 870 1932 arts
895 1900 1013 1941 please
1037 1899 1170 1941 mainly
1194 1899 1242 1941 by
1265 1899 1359 1931 their

168 1946 390 1981 cleverness;
422 1956 485 1977 nor
507 1945 591 1977 does
614 1944 826 1986 philosophy
842 1944 963 1985 abjure
988 1943 1075 1974 such
1099 1942 1296 1974 cleverness
1320 1953 1358 1974 as

168 1989 283 2030 style;
310 1989 373 2020 but
395 1989 478 2020 here
499 1990 533 2020 in
554 1988 656 2020 these
675 1988 808 2023 letters,
827 1987 979 2018 wherein
1001 1997 1052 2017 we
1076 1997 1135 2017 are
1159 1986 1359 2027 discussing

168 2032 229 2064 the
246 2032 334 2068 soul,
353 2032 414 2064 the
429 2042 553 2073 graces
570 2032 609 2063 of
623 2031 751 2073 speech
768 2041 827 2062 are
845 2030 885 2062 of
898 2040 943 2061 no
960 2040 1122 2062 concern.

177 2089 249 2120 138

1426 1913 1434 2333 2———m—*x*
1432 1901 1434 1907 .
1433 1890 1434 1893 „
1431 1822 1434 1867 ⁴⁴⁴⁴
