1434 2333
375 90 490 127 THE
521 90 776 127 EPISTLES
807 90 879 127 OF
908 91 1118 128 SENECA

150 181 293 213 cuncta
322 176 512 226 patienda
541 182 644 213 sunt.
705 177 812 214 Perit
841 177 1017 223 libertas,
1045 181 1120 215 nisi
1149 178 1216 215 illa
1245 191 1336 215 con-

148 245 377 286 temnimus,
404 255 505 291 quae
532 243 644 278 nobis
671 245 806 292 iugum
836 246 1044 293 inponunt.
1104 244 1196 280 Non
1224 244 1338 281 dubi-

149 311 295 352 tarent,
330 306 426 356 quid
464 310 695 344 conveniret
729 307 821 345 forti
860 311 954 354 viro,
984 312 1015 345 si
1053 312 1213 354 scirent,
1242 309 1338 359 quid

150 377 255 409 esset
282 372 485 409 fortitudo.
546 373 637 410 Non
664 379 726 410 est
752 377 859 410 enim
885 375 1109 412 inconsulta
1135 378 1339 412 temeritas

150 451 224 474 nec
254 438 519 487 periculorum
548 452 657 475 amor
684 452 758 476 nec
785 439 1094 476 formidabilium
1120 441 1340 490 adpetiti03

151 506 317 540 scientia
337 508 397 541 est
418 503 706 553 distinguendi,
727 504 823 554 quid
844 507 894 541 sit
914 505 1061 541 malum
1082 510 1124 542 et
1144 505 1240 556 quid
1260 519 1339 542 non

151 571 212 605 sit.
281 569 597 618 Diligentissima
626 571 666 605 in
696 569 825 606 tutela
863 570 947 606 suil
978 570 1171 608 fortitudo
1209 576 1270 608 est
1299 576 1341 608 et

152 633 292 671 eadem
337 636 626 683 patientissima
670 647 818 680 eorum,
864 635 1006 684 quibus
1048 635 1145 672 falsa
1189 639 1341 685 species

82 696 130 732 29
152 699 343 735 malorum
374 704 445 735 est.
505 698 650 744 “Quid
681 700 804 749 ergo?
859 699 900 736 Si
930 700 1078 737 ferrum
1117 704 1342 738 intentatur

83 1356 133 1392 30

86 1680 129 1715 31

152 765 370 801 cervicibus
398 766 467 799 viri
494 763 619 809 fortis,
647 767 677 800 si
704 777 792 813 pars
819 765 987 801 subinde
1016 765 1093 801 alia
1119 770 1239 815 atque
1265 766 1341 802 alia

153 828 372 874 suffoditur,
394 831 425 864 si
446 831 594 865 viscera
615 841 684 865 sua
703 832 745 865 in
765 832 853 866 sinu
874 843 944 866 suo
964 830 1077 876 vidit,
1097 834 1128 867 si
1149 844 1198 868 ex
1218 834 1341 868 inter-

153 894 268 939 vallo,
297 907 375 943 quo
403 897 529 943 magis
558 899 757 931 tormenta
787 898 948 941 sentiat,
978 899 1173 945 repetitur
1201 902 1243 933 et
1272 910 1343 946 per

152 959 349 995 adsiccata
395 962 543 996 viscera
590 972 729 996 recens
774 960 1003 997 demittitur
1046 965 1218 1011 sanguis,
1262 975 1342 999 non

153 1025 298 1061 timet?
356 1024 483 1061 Istum
522 1030 566 1061 tu
606 1025 713 1062 dices
752 1038 827 1062 nec
865 1026 1064 1063 dolere?'’
1129 1027 1211 1064 Iste
1250 1041 1342 1064 vero

153 1089 273 1126 dolet.
342 1089 511 1126 Sensum
551 1092 656 1126 enim
696 1090 867 1128 hominis
904 1091 1014 1128 nulla
1058 1095 1168 1129 exuit
1206 1095 1340 1130 virtus.

153 1154 233 1191 Sed
253 1168 332 1191 non
354 1158 494 1198 timet3
523 1158 693 1191 invictus
714 1168 762 1192 ex
783 1156 864 1192 alto
891 1157 1045 1194 dolores
1066 1171 1154 1194 suos
1175 1163 1340 1207 spectat.

153 1220 320 1265 Quaeris
341 1223 427 1269 quis
447 1225 544 1257 tunc
565 1223 719 1257 animus
739 1221 795 1257 illi
817 1222 896 1258 sit?
951 1222 1031 1268 Qui
1057 1236 1221 1272 aegrum
1247 1226 1342 1259 ami-

153 1299 242 1322 cum
262 1285 576 1322 adhortantibus,

219 1355 242 1371 “
259 1350 376 1397 Quod
392 1351 540 1387 malum
558 1356 631 1396 est,
647 1356 776 1388 nocet.
822 1351 940 1398 Quod
956 1358 1087 1398 nocet,
1103 1353 1343 1390 deteriorem

155 1416 260 1452 facit.
321 1416 444 1452 Dolor
473 1421 514 1453 et
543 1421 755 1465 paupertas
785 1417 1025 1454 deteriorem
1058 1431 1137 1455 non
1168 1418 1343 1463 faciunt;

155 1494 250 1531 ergo
269 1481 372 1517 mala
399 1494 479 1517 non
506 1481 637 1518 sunt.”
696 1486 720 1502 “
735 1482 891 1519 Falsum
913 1483 1011 1528 est,''
1035 1486 1179 1533 inquit,
1200 1484 1343 1533 “quod

155 1549 374 1596 proponitis
390 1560 398 1590 ;
428 1560 508 1583 non
525 1550 644 1593 enim,
661 1550 691 1583 si
707 1547 803 1597 quid
819 1553 950 1593 nocet,
967 1552 1088 1585 etiam
1104 1549 1343 1587 deteriorem
1381 1565 1383 1568 ¹

155 1611 260 1649 facit.
320 1611 554 1661 Tempestas
575 1617 617 1649 et
637 1612 810 1662 procella
829 1618 949 1650 nocet
975 1615 1243 1663 gubernatori,
1264 1628 1343 1651 non

156 1682 291 1714 tamen
311 1677 423 1713 illum
443 1677 684 1714 deteriorem
700 1677 831 1715 facit.''
890 1678 1064 1724 Quidam
1085 1692 1106 1715 e
1128 1679 1269 1716 Stoicis
1289 1683 1345 1717 ita

155 1742 341 1779 adversus
369 1742 443 1779 hoc
469 1743 737 1792 respondent:
772 1743 1012 1780 deteriorem
1039 1745 1121 1781 fieri
1148 1746 1343 1794 guberna-

495 1807 506 1826 1
530 1807 583 1838 sui
600 1806 688 1838 later
705 1806 806 1839 MSS.
824 1820 833 1844 ;
857 1807 891 1840 vi
907 1808 1005 1840 VPb.

208 1876 223 1889 α
249 1869 394 1901 Besides
422 1869 492 1901 this
517 1869 698 1901 definition
728 1871 763 1911 (a
786 1870 955 1901 standard
986 1870 1082 1902 Stoic
1106 1872 1187 1912 one)
1217 1871 1259 1903 of
1284 1872 1345 1903 the

155 1912 250 1944 third
274 1912 430 1944 cardinal
454 1914 579 1949 virtue,
606 1923 657 1944 we
680 1912 754 1944 also
778 1912 852 1944 find
879 1918 933 1944 “a
958 1913 1168 1956 knowledge
1191 1914 1232 1946 of
1251 1915 1345 1946 what

156 1958 192 1987 to
216 1955 345 1987 choose
368 1955 440 1987 and
463 1956 558 1988 what
580 1958 618 1987 to
639 1955 779 1992 avoid,’'
804 1960 827 1973 ‘⁶
842 1955 1011 1998 knowing
1036 1957 1115 1989 how
1144 1960 1182 1990 to
1212 1957 1345 1989 endure

156 1998 314 2040 things‚’'
324 1998 394 2031 and
407 1998 528 2041 finally
541 2004 564 2017 ‘⁶
576 1998 637 2031 the
650 1998 718 2030 will
727 2001 764 2031 to
775 1999 972 2032 undertake
984 2003 1085 2042 great
1097 2001 1346 2043 enterprises.'’

159 2054 236 2086 302
