1434 2333
398 96 513 134 THE
543 95 797 133 EPISTLES
828 95 899 133 OF
929 95 1137 133 SENECA

136 187 157 224 9
247 185 300 222 M.
334 185 430 221 Cato
460 184 682 230 Censorius,
710 196 829 234 quem
864 189 945 221 tam
975 198 996 221 e
1027 197 1068 221 re
1102 184 1260 233 publica
1290 183 1365 220 fuit

178 241 284 275 nasci
306 251 422 287 quam
444 237 684 286 Scipionem,
705 238 807 275 alter
832 240 939 275 enim
966 250 1056 274 cum
1076 237 1256 274 hostibus
1275 250 1364 273 nos-

179 295 248 328 tris
269 291 433 336 bellum,
449 291 551 328 alter
566 304 655 327 cum
676 292 849 328 moribus
869 294 1006 341 gessit,
1021 291 1225 328 eantherio
1245 290 1365 327 vehe-

178 346 294 382 batur
313 350 356 381 et
382 345 610 394 hippoperis
630 345 792 395 quidem
819 348 1013 394 inpositis,
1033 350 1078 382 ut
1098 358 1231 382 secum
1252 344 1367 381 utilia

177 403 363 448 portaret.
424 398 460 434 O
487 412 604 448 quam
632 411 819 448 cuperem
846 399 902 435 illi
928 412 1035 435 nunc
1064 411 1267 435 occurrere
1296 398 1366 434 ali-

176 465 295 502 quem
317 465 365 489 ex
385 452 446 489 his
474 452 650 489 trossulis
676 455 717 488 in
738 456 799 489 via
813 453 825 476 1
847 465 1021 489 cursores
1043 457 1084 489 et
1112 452 1303 489 Numidas
1325 457 1366 488 et

175 506 347 542 multum
368 511 461 542 ante
489 519 530 543 se
557 506 728 555 pulveris
755 507 966 556 agentem!
1027 506 1105 542 Hic
1132 509 1217 542 sine
1244 506 1365 542 dubio

176 559 318 596 cultior
347 562 649 609 comitatiorque
679 573 798 610 quam
829 560 882 597 M.
916 560 1014 596 Cato
1043 560 1258 605 videretur,
1286 559 1364 604 hic,

175 616 242 663 qui
263 616 368 650 inter
387 613 475 649 illos
495 619 706 663 apparatus
727 613 918 650 delicatos
945 627 1036 650 cum
1060 616 1231 650 maxime
1251 613 1365 650 dubi-

107 671 156 708 10
175 672 248 712 tat,
276 672 408 703 utrum
438 680 478 704 se
507 667 557 703 ad
587 667 765 716 gladium
794 668 900 704 locet
929 681 979 703 an
1008 667 1058 704 ad
1088 667 1269 704 cultrum.
1329 666 1365 703 O

176 726 370 770 quantum
409 726 494 757 erat
539 721 684 757 saeculi
729 721 864 767 decus,
902 724 1181 771 imperatorem
1227 723 1366 757 trium-

176 774 349 823 phalem,
370 777 606 819 censorium,
627 775 732 824 quod
753 788 871 825 super
891 778 1021 811 onmia
1041 774 1140 811 haec
1161 779 1234 819 est,
1252 774 1367 810 Cato-

176 841 269 864 nem
290 841 369 863 uno
396 827 547 863 caballo
569 841 654 864 esse
682 833 917 865 contentum
938 834 980 865 et
1000 842 1051 865 ne
1072 833 1158 865 toto
1179 827 1364 877 quidem!

178 881 335 918 Partem
357 884 463 918 enim
483 884 658 918 sarcinae
679 883 728 918 ab
748 887 916 932 utroque
937 882 1062 919 latere
1089 881 1367 930 dependentes

177 935 432 984 occupabant.
491 935 553 971 Ita
573 949 653 972 non
673 937 856 972 omnibus
871 937 999 972 obesis
1015 938 1170 972 mannis
1186 940 1228 972 et
1243 940 1367 971 astur-

178 989 341 1025 conibus
363 993 404 1025 et
424 989 620 1026 tolutariis
648 989 867 1039 praeferres
893 992 1055 1026 unicum
1081 989 1192 1026 illum
1220 1001 1367 1038 equum

109 1042 154 1078 11
177 1043 227 1078 ab
247 1045 331 1091 ipso
348 1042 497 1079 Catone
514 1042 727 1079 defrictum
742 1045 756 1079 ?
814 1043 940 1080 Video
957 1057 1036 1080 non
1054 1043 1230 1080 futurum
1248 1043 1367 1079 finem

177 1098 218 1131 in
253 1099 328 1132 ista
360 1099 526 1133 materia
564 1097 703 1142 ullum,
732 1100 806 1133 nisi
835 1110 955 1147 quem
984 1100 1067 1146 ipse
1096 1096 1195 1133 mihi
1223 1096 1366 1133 fecero.

182 1150 259 1185 Hic
286 1152 421 1199 itaque
448 1153 726 1195 conticescam,
747 1156 940 1200 quantum
967 1151 1017 1187 ad
1043 1154 1131 1196 ista,
1152 1164 1253 1200 quae
1283 1153 1368 1187 sine

179 1203 299 1239 dubio
337 1203 433 1239 talia
466 1203 658 1240 divinavit
686 1204 832 1249 futura,
862 1204 993 1253 qualia
1025 1217 1132 1240 nunc
1166 1209 1272 1249 sunt,
1301 1206 1368 1253 qui

179 1260 327 1305 primus
356 1256 572 1305 appellavit
601 1257 952 1306 “inpedimenta'’
1011 1258 1128 1294 Nunc
1155 1258 1244 1294 volo
1273 1270 1369 1306 pau-

180 1313 353 1346 cissimas
368 1310 498 1346 adhuc
514 1313 847 1360 interrogationes
863 1317 1087 1347 nostrorum
1106 1312 1180 1348 tibi
1200 1311 1368 1348 reddere

179 1364 228 1400 ad
244 1366 434 1400 virtutem
450 1367 710 1412 pertinentes,
729 1378 847 1414 quam
863 1365 1089 1402 satisfacere
1107 1367 1210 1402 vitae
1227 1365 1369 1402 beatae

179 1417 468 1454 contendimus.

111 1475 158 1511 12
247 1469 403 1516 “Quod
430 1471 578 1507 bonum
600 1477 674 1517 est,
701 1472 824 1508 bonos
850 1472 955 1509 facit.
1017 1473 1118 1508 Nam
1147 1478 1189 1509 et
1215 1475 1255 1508 in
1284 1477 1369 1508 arte

179 1527 327 1561 musica
365 1525 471 1574 quod
510 1526 657 1561 bonum
689 1531 762 1570 est,
792 1525 888 1562 facit
925 1529 1129 1564 musicum.
1191 1526 1370 1562 Fortuita

405 1643 415 1662 ¹
439 1643 544 1675 After
563 1644 615 1676 via
633 1643 771 1686 Lipsius
788 1644 952 1676 removed
971 1645 1141 1677 divitibm.

234 1801 247 1814 ‘¹
273 1794 341 1826 For
358 1795 496 1826 trossuli
512 1795 557 1827 cf.
578 1795 613 1826 E
611 1806 648 1837 p.
668 1795 775 1827 lxxvi.
793 1797 825 1833 2,
843 1796 914 1828 and
931 1796 1101 1829 footnote.

236 1838 248 1856 ¹¹
272 1838 283 1868 i
288 1850 340 1874 .e.‚
359 1837 517 1869 whether
533 1840 570 1870 to
586 1841 668 1870 turn
684 1838 859 1880 gladiator
874 1850 913 1871 or
929 1839 1117 1873 bestiarius.

234 1886 246 1899 ⁶
271 1886 294 1898 ‘⁶
306 1880 471 1912 Amblers
484 1881 502 1893 ''
518 1881 609 1913 from
626 1881 772 1914 Asturia
787 1884 822 1914 in
839 1881 959 1924 Spain.

235 1925 250 1943 ‘³
275 1923 409 1956 Horses
427 1924 505 1956 with
521 1924 620 1966 rapid
637 1927 746 1967 steps,
762 1925 951 1967 compared
965 1926 1047 1958 with
1062 1927 1235 1968 yraclurii,
1251 1931 1272 1945 ‘⁶
1286 1926 1370 1959 slow

184 1967 342 2007 pacers‚’'
359 1967 402 2008 (f.
424 1967 491 2009 ΕΙ).
512 1967 556 1999 xl.
580 1970 628 2000 11.

237 2016 248 2029 ⁸
271 2009 345 2041 The
362 2010 473 2042 literal
492 2012 658 2052 meaning
674 2011 714 2043 of
729 2012 980 2054 impedimenta,
1002 2018 1024 2030 ‘¹
1038 2013 1228 2055 luggage.''

187 2065 261 2097 328

882 2128 904 2146 C
