1434 2333
111 878 156 915 21

408 107 525 144 THE
555 107 808 146 EPISTLES
840 107 910 145 OF
939 107 1149 145 SENECA

183 194 381 243 exemplo,
401 194 472 231 sed
492 199 538 231 ut
557 208 639 232 rem
661 195 983 232 iucundissimam
1003 209 1048 232 ac
1068 195 1373 245 pulcherrimam

183 279 323 315 faciam
340 292 348 323 ;
377 285 513 329 gratus
533 294 633 326 sum,
649 294 729 317 non
750 284 842 331 quia
862 281 1038 332 expedit,
1055 281 1126 318 sed
1141 284 1232 332 quia
1252 283 1371 318 iuvat.

185 364 275 401 Hoc
295 370 341 402 ut
361 368 458 402 scias
478 368 534 403 ita
554 379 653 412 esse,
674 369 705 403 si
725 372 884 416 gratum
908 380 994 404 esse
1020 381 1100 404 non
1128 367 1278 412 licebit,
1298 368 1373 402 nisi

183 454 227 486 ut
253 450 389 487 videar
414 453 605 501 ingratus,
626 455 657 489 si
687 452 856 489 reddere
885 452 1122 489 beneficium
1151 465 1231 489 non
1258 451 1374 487 aliter

182 548 300 584 quam
321 549 392 585 per
412 539 586 585 speciem
612 539 778 574 iniuriae
806 542 958 586 potero,
979 540 1215 587 aequissimo
1241 539 1372 573 animo

181 621 231 658 ad
247 621 461 659 honestum
477 623 683 659 consilium
700 636 772 672 per
785 623 959 660 mediam
975 622 1178 659 infamiam
1194 621 1369 659 tendam.

183 707 310 744 Nemo
336 707 434 743 mihi
460 707 618 744 videtur
643 708 765 757 pluris
791 711 1000 745 aestimare
1027 711 1229 753 virtutem,
1254 719 1371 743 nemo

178 791 237 827 illi
272 794 397 841 magis
432 804 517 829 esse
552 792 719 829 devotus
748 806 866 842 quam
901 795 967 842 qui
1001 793 1095 829 boni
1125 795 1196 828 viri
1226 791 1369 828 famam

180 876 369 925 perdidit,
389 890 440 913 ne
468 880 750 914 conscientiam
771 877 970 927 perderet.
1030 877 1185 928 Itaque,
1206 882 1250 914 ut
1276 877 1371 922 dixi,

179 965 315 998 maiori
336 967 405 998 tuo
432 975 550 1011 quam
576 962 739 999 alterius
766 963 870 999 bono
897 967 1032 1012 gratus
1060 975 1111 1000 es.
1172 963 1236 999 lui
1263 965 1370 999 enim

178 1047 349 1096 vulgaris
389 1052 430 1084 et
468 1047 686 1084 cottidiana
723 1060 785 1084 res
824 1050 1006 1097 contigit,
1039 1051 1230 1097 recipere,
1264 1048 1369 1098 quod

177 1132 358 1178 dederat,
391 1134 465 1170 tibi
502 1146 647 1182 magna
686 1138 727 1170 et
761 1146 810 1170 ex
843 1134 1070 1170 beatissimo
1103 1136 1223 1170 animi
1262 1138 1367 1170 statu

177 1218 368 1268 profecta,
407 1223 564 1268 gratum
604 1218 735 1255 fuisse.
808 1219 910 1254 Nam
949 1220 980 1255 si
1017 1218 1168 1255 malitia
1205 1221 1367 1255 miseros

177 1304 285 1350 facit,
315 1307 438 1340 virtus
476 1304 626 1350 beatos,
656 1308 813 1353 gratum
851 1308 987 1340 autem
1021 1316 1106 1340 esse
1141 1306 1263 1340 virtus
1293 1308 1367 1349 est,

176 1402 260 1426 rem
295 1392 481 1425 usitatam
515 1388 737 1434 reddidisti,
766 1388 1097 1425 inaestimabilem
1131 1393 1367 1426 consecutus

176 1488 231 1521 es,
252 1476 534 1511 conscientiam
556 1477 671 1524 grati,
692 1487 793 1524 quae
818 1477 892 1510 nisi
919 1477 960 1510 in
986 1477 1160 1511 animum
1188 1474 1364 1511 divinum

176 1560 502 1608 fortunatumque
519 1572 599 1595 non
615 1562 807 1608 pervenit.
859 1559 1106 1596 Contrarium
1122 1564 1257 1596 autem
1273 1559 1366 1596 huic

175 1645 379 1682 adfectum
400 1658 551 1681 summa
578 1644 790 1681 infelicitas
814 1649 955 1694 urget;
984 1657 1102 1681 nemo
1128 1648 1159 1681 si
1186 1648 1364 1694 ingratus

176 1736 249 1776 est,
269 1734 389 1767 miser
408 1733 494 1768 erit.
556 1731 645 1766 Non
666 1730 802 1767 differo
823 1729 948 1776 illum,
969 1733 1103 1766 statim
1124 1733 1242 1767 miser
1262 1735 1333 1767 est.

245 1817 386 1866 Itaque
407 1819 552 1866 ingrati
574 1828 658 1852 esse
680 1818 862 1861 vitemus,
882 1828 962 1851 non
989 1815 1118 1853 aliena
1145 1829 1270 1862 causa,
1294 1816 1363 1853 sed

174 1909 317 1940 nostra.
369 1903 581 1939 Minimum
602 1915 651 1939 ex
666 1904 845 1951 nequitia
859 1901 1181 1952 levissimumque
1197 1902 1246 1939 ad
1266 1903 1363 1941 alios

173 1987 381 2025 redundat.
428 1987 545 2033 Quod
562 1989 775 2036 pessimum
792 1999 838 2023 ex
856 1986 923 2022 illa
939 1991 1001 2023 est
1017 1992 1071 2032 et,
1088 1992 1132 2024 ut
1148 1990 1203 2024 ita
1219 1987 1360 2034 dicam,

174 2080 249 2113 232
