1434 2333
415 137 531 175 THE
561 135 817 174 EPISTLES
848 134 919 172 OF
948 134 1160 172 SENECA

190 230 426 276 argumenta
459 227 543 261 eius
576 227 763 269 excussit,
792 228 882 273 post
910 222 1008 260 haec
1042 222 1377 273 quemadmodum

191 281 511 316 discernerentur
539 281 645 315 vitae
678 283 748 314 aut
776 280 882 314 vocis
909 277 1108 326 ambigua,
1136 280 1178 313 in
1212 282 1379 328 utraque

192 336 299 370 enim
319 332 416 369 falsa
436 335 537 369 veris
556 334 724 368 inmixta
744 336 848 367 sunt.

122 392 171 428 30
258 386 349 422 Non
369 385 548 431 abduxit,
569 388 743 435 inquam,
764 398 819 429 se,
840 389 885 421 ut
910 383 1119 420 Posidonio
1139 384 1309 429 videtur,
1329 384 1380 419 ab

190 443 275 477 istis
308 440 458 476 artibus
487 442 656 489 sapiens,
677 438 747 476 sed
776 438 827 474 ad
855 438 941 474 illas
964 441 1126 474 omnino
1150 451 1230 474 non
1256 440 1376 474 venit.

191 493 302 530 Nihil
323 496 430 530 enim
449 493 617 542 dignum
636 496 803 529 inventu
823 491 1050 537 iudicasset,
1069 491 1175 541 quod
1196 505 1275 528 non
1296 495 1381 528 erat

191 547 358 597 dignum
395 551 591 596 perpetuo
629 559 701 583 usu
739 545 994 583 iudicaturus,
1075 545 1262 582 Ponenda
1299 558 1380 582 non

192 606 377 637 sumeret.

121 657 167 694 31
258 659 280 675 “
296 653 570 698 Anacharsis‚’'
594 656 738 702 inquit,
759 655 951 689 “invenit
971 658 1097 689 rotam
1126 653 1249 701 figuli,
1271 655 1381 689 cuius

191 711 358 745 circuitu
372 721 462 744 vasa
474 707 728 744 formantur.’'
762 707 921 743 Deinde
935 710 1027 756 quia
1039 707 1144 756 apud
1160 707 1381 743 Homerum

190 765 392 798 invenitur
411 761 521 810 figuli
541 766 640 805 rota,
654 761 809 797 malunt
825 761 837 783 ¹
859 760 982 797 videri
1003 774 1137 797 versus
1158 760 1275 797 falsos
1297 773 1382 797 esse

191 828 309 864 quam
330 814 514 851 fabulam.
575 814 662 863 Ego
678 827 751 851 nec
772 814 1031 851 Anacharsim
1048 819 1250 851 auctorem
1266 814 1382 851 liuius

191 872 247 905 rei
276 868 397 905 fuisse
431 868 632 905 contendo
662 873 716 913 et,
746 870 777 904 si
806 868 896 913 fuit,
926 871 1082 917 sapiens
1117 868 1277 917 quidem
1307 868 1382 905 hoc

191 925 358 967 invenit,
397 922 467 958 sed
513 935 593 958 non
640 926 843 971 tamquam
891 925 1061 970 sapiens,
1109 925 1211 958 sicut
1257 922 1381 959 multa

192 980 392 1025 sapientes
405 976 569 1021 faciunt,
582 988 660 1025 qua
673 975 853 1012 homines
867 981 973 1020 sunt,
986 989 1066 1012 non
1080 989 1156 1025 qua
1169 979 1381 1025 sapientes.

195 1030 295 1067 Puta
333 1029 623 1066 velocissimum
664 1042 749 1066 esse
795 1032 1042 1078 sapientem3
1091 1042 1207 1066 cursu
1245 1042 1382 1066 omnes

192 1084 376 1129 anteibit,
397 1097 473 1133 qua
503 1083 618 1120 velox
648 1088 722 1128 est,
742 1096 823 1119 non
852 1096 930 1132 qua
959 1086 1125 1132 sapiens.
1187 1084 1383 1133 Cuperem

195 1137 403 1174 Posidonio
432 1137 605 1186 aliquem
635 1140 860 1173 vitrearium
892 1137 1118 1182 ostendere,
1147 1141 1214 1187 qui
1244 1140 1383 1187 spiritu

193 1194 337 1227 vitrum
365 1194 406 1226 in
438 1190 595 1226 habitus
625 1191 813 1239 plurimos
843 1190 999 1236 format,
1020 1194 1086 1241 qui
1114 1194 1177 1227 vix
1199 1191 1384 1241 diligenti

192 1258 312 1280 manu
342 1245 636 1292 effingerentur.
710 1244 824 1280 Haec
853 1247 1017 1280 inventa
1038 1250 1144 1290 sunt,
1174 1250 1383 1295 postquam

193 1300 428 1346 sapientiam
442 1297 456 1321 2
477 1300 654 1334 invenire
675 1297 859 1335 desimus.

396 1399 405 1419 ¹
432 1400 565 1431 malunt
583 1399 686 1432 MSS.
704 1413 713 1435 ς
736 1401 866 1432 mavult
884 1401 1018 1433 several
1034 1401 1175 1434 editors.

395 1443 408 1462 2
430 1443 637 1485 sapientiam
656 1442 872 1481 Buecheler;
895 1444 1082 1486 sapientem
1103 1445 1177 1477 BA.

244 1577 260 1590 (ι
284 1569 431 1606 Seneca,
449 1569 594 1601 himself
612 1580 678 1601 one
702 1570 742 1601 of
762 1569 822 1601 the
846 1569 995 1603 keenest
1014 1572 1185 1605 scientific
1201 1574 1384 1606 observers

191 1615 226 1645 in
251 1613 386 1655 history
403 1614 560 1653 (witness
576 1613 638 1645 the
654 1613 738 1645 Nat.
762 1613 911 1652 Quaem,
930 1614 1023 1657 ΕΜ).
1043 1615 1129 1653 lvii„
1148 1616 1267 1654 lxxix„
1286 1618 1384 1659 etc.)‚

190 1658 219 1689 is
236 1656 390 1699 pushing
406 1656 459 1688 his
477 1658 665 1697 argument
678 1667 762 1698 very
774 1656 828 1688 far
845 1658 878 1688 in
893 1657 961 1689 this
974 1657 1086 1691 letter.
1138 1659 1205 1692 His
1222 1671 1385 1702 message

192 1701 220 1731 is
252 1700 345 1731 clear
376 1699 542 1741 enough;
574 1699 638 1731 but
662 1698 724 1731 the
748 1699 893 1731 modern
918 1701 1156 1734 combination
1181 1703 1222 1735 of
1245 1704 1385 1736 natural

192 1744 342 1779 science,
359 1742 593 1784 psychology‚
617 1742 687 1774 and
711 1742 922 1785 philosophy
939 1744 1055 1777 shows
1072 1745 1151 1778 that
1175 1745 1384 1780 Posidonius

191 1786 261 1818 had
278 1796 375 1818 some
388 1785 619 1826 justification
641 1785 696 1817 for
719 1785 773 1817 his
793 1786 955 1819 theories.
1005 1787 1058 1820 Cf.
1086 1788 1160 1820 also
1184 1789 1382 1827 Lucretius,

191 1839 222 1861 v.
246 1832 362 1860 1105-7
380 1829 415 1860 ff.

244 1873 256 1891 ¹²
279 1871 363 1904 This
386 1871 555 1913 Scythias}
580 1873 700 1913 prince
723 1871 794 1903 and
817 1871 932 1904 friend
955 1873 996 1904 of
1016 1873 1134 1911 Solon,
1154 1875 1232 1908 who
1257 1877 1384 1909 visited

191 1915 330 1947 Athens
346 1916 380 1947 in
394 1915 455 1947 the
469 1915 561 1946 sixth
573 1917 722 1956 century
740 1926 820 1951 B.c.‚
834 1916 862 1946 is
879 1915 953 1947 also
967 1917 1043 1948 said
1059 1920 1096 1949 to
1113 1918 1202 1950 have
1215 1920 1384 1953 invented

189 1958 250 1990 the
267 1958 409 1990 bellows
425 1958 496 1989 and
512 1958 573 1989 the
589 1958 732 1990 anchor.
775 1957 841 1995 Cf.‚
856 1958 1030 1997 however,
1046 1960 1142 1994 Iliad
1162 1963 1255 1995 xviii.
1276 1966 1339 1995 600
1355 1964 1380 1996 f.

191 2002 228 2032 ὡς
258 2003 311 2032 ὅτε
341 2014 386 2033 τις
423 2004 539 2041 τροχὸν
578 2004 710 2041 ἄρμενον
749 2003 780 2032 ἐν
820 2004 1017 2041 παλάμηισιν
1056 2005 1198 2042 ἑζόμενος
1236 2010 1383 2046 κεραμεὺς

191 2047 385 2083 πειρήσεται,
408 2044 479 2076 and
503 2043 622 2076 Leaf's
645 2046 846 2076 comment:
874 2045 983 2078 “The
1006 2047 1152 2088 potter's
1176 2048 1287 2081 wheel
1310 2061 1383 2082 was

193 2100 268 2130 418
