1434 2333
152 461 168 497 1

152 999 173 1034 [Ο

151 1431 172 1467 3

416 131 532 167 ΤΗΕ
561 130 816 168 EPISTLES
846 129 917 166 OF
946 129 1156 166 SENECA

708 279 870 317 LXXX.

470 374 623 412 SENECA
654 374 812 411 chnao
842 388 908 411 svo
938 387 1109 412 SALVTEM

260 460 469 498 Hodierno
507 461 572 499 die
611 476 690 498 non
729 467 885 499 tantum
928 476 1017 498 meo
1055 462 1248 499 beneficio
1286 461 1383 498 mihi

193 528 301 560 vacO,
322 515 392 551 sed
413 516 641 564 spectaculi,
663 516 770 565 quod
793 529 931 553 omnes
958 515 1146 553 molestos
1173 516 1223 552 ad
1244 515 1384 564 sphae-

191 568 417 605 romachian
433 573 622 606 avocavit.
670 570 797 606 Nemo
812 573 1028 619 inrumpet,
1041 582 1160 606 nemo
1176 571 1383 618 cogitatio-

191 635 285 659 nem
314 636 443 659 meam
470 623 678 672 impediet,
699 636 799 673 quae
826 623 900 659 hac
926 626 1011 672 ipsa
1033 623 1176 659 fiducia
1205 622 1384 672 procedit

191 676 388 713 audacius.
449 677 539 713 Non
567 680 722 726 crepuit
749 677 917 714 subinde
943 680 1102 723 ostium,
1123 690 1202 713 non
1226 676 1383 713 adleva-

192 730 299 766 bitur
326 730 457 767 velum
474 743 482 774 ;
512 731 650 768 licebit
670 736 759 767 tuto
779 731 953 776 vadere,l
975 731 1081 780 quod
1101 733 1225 780 magis
1245 743 1382 767 neces-

192 786 335 819 sarium
357 789 417 820 est
438 797 509 833 per
528 797 570 821 se
592 787 704 822 eunti
725 789 766 822 et
787 798 897 821 suam
913 787 1097 834 sequenti
1118 787 1231 821 viam.
1292 784 1383 820 Non

193 850 287 886 ergo
321 850 462 886 sequor
495 839 671 887 priores?
729 839 858 883 Facio,
888 838 958 875 sed
992 841 1181 887 permitto
1214 837 1311 874 mihi
1341 842 1383 874 et

192 893 370 927 invenire
391 891 541 941 aliquid
561 897 603 928 et
618 897 772 929 mutare
789 897 829 929 et
850 892 1084 942 relinquere.
1146 892 1236 928 Non
1257 894 1383 928 servio

191 945 282 990 illis,
303 945 373 981 sed
393 945 605 982 adsentior.

261 999 453 1048 Magnum
483 1004 618 1036 tamen
648 1000 813 1036 verbum
842 999 937 1045 dixi,
959 1002 1025 1049 qui
1055 998 1151 1035 mihi
1178 998 1382 1035 silentium

191 1054 474 1101 promittebam
504 1058 545 1090 et
569 1056 654 1090 sine
683 1053 984 1102 interpellatore
1011 1057 1219 1090 secretum.
1279 1052 1382 1089 Ecce

191 1108 333 1155 ingens
355 1107 502 1142 clamor
522 1120 569 1143 ex
591 1107 719 1144 stadio
740 1107 940 1156 perfertur
960 1111 1002 1143 et
1030 1119 1093 1143 me
1122 1119 1203 1142 non
1229 1109 1383 1143 excutit

191 1159 301 1205 mihi,
322 1160 454 1197 sedin
481 1160 597 1197 huius
624 1164 744 1210 ipsius
772 1163 827 1197 rei
855 1163 1154 1197 contentionem
1182 1159 1381 1197 transfert.

192 1213 333 1262 Cogito
353 1227 522 1259 mecum,
539 1227 657 1264 quam
673 1214 788 1250 multi
806 1227 967 1263 corpora
982 1218 1207 1259 exerceant,
1223 1216 1385 1263 ingenia

191 1280 309 1316 quam
337 1270 477 1316 pauci3
507 1273 678 1317 quantus
705 1268 755 1304 ad
782 1267 1055 1316 spectaculum
1083 1280 1163 1303 non
1193 1267 1311 1304 fidele
1341 1272 1383 1304 et

191 1321 380 1357 lusorium
407 1321 475 1357 fiat
502 1334 726 1367 concursus,
747 1326 895 1371 quanta
922 1324 972 1357 sit
999 1324 1100 1357 circa
1129 1326 1234 1358 artes
1260 1321 1383 1357 bonas

192 1374 389 1418 solitud03
418 1388 536 1424 quam
557 1375 733 1412 inbecilli
753 1377 884 1411 animo
910 1378 1001 1420 sint,
1022 1388 1189 1424 quorum
1215 1374 1383 1411 lacertos

193 1441 428 1478 umerosque
449 1432 644 1466 miramur.
706 1429 812 1465 Illud
833 1431 1002 1464 maxime
1023 1428 1181 1465 revolvo
1201 1441 1382 1465 mecum:

192 1485 223 1518 si
252 1495 392 1531 corpus
422 1482 586 1531 perduci
620 1485 905 1520 exercitatione
935 1482 985 1518 ad
1016 1482 1117 1518 hanc
1147 1484 1382 1531 patientiam

191 1541 339 1585 potest,
368 1549 445 1586 qua
479 1541 522 1573 et
555 1549 709 1586 pugnos
743 1539 891 1586 pariter
924 1541 965 1572 et
1000 1536 1127 1572 calces
1155 1549 1235 1572 non
1267 1538 1382 1572 unius

192 1589 362 1626 hominis
382 1589 494 1634 ferat,
518 1603 595 1640 qua
617 1590 740 1626 solem
759 1590 1080 1626 ardentissimum
1106 1592 1147 1625 in
1174 1589 1383 1626 ferventis-

192 1646 289 1680 simo
310 1643 472 1692 pulvere
489 1647 689 1680 sustinens
705 1644 845 1693 aliquis
861 1649 903 1680 et
919 1646 1112 1692 sanguine
1128 1656 1197 1679 suo
1218 1643 1383 1680 madens

406 1713 417 1732 ¹
442 1718 514 1745 tuto
531 1714 652 1745 radere
670 1713 817 1749 Hense;
840 1724 909 1744 mio
924 1713 1046 1745 vadere
1063 1711 1166 1744 MSS.

244 1796 259 1809 α
284 1789 460 1831 Probably
483 1800 504 1821 a
523 1792 663 1822 contest
686 1791 719 1821 in
741 1788 853 1820 which
877 1788 939 1821 the
962 1789 1193 1830 participants
1215 1788 1384 1820 attached

191 1832 316 1864 leaden
333 1832 482 1874 weights
505 1836 542 1865 to
563 1833 655 1865 their
670 1832 784 1864 hands
801 1834 836 1864 in
853 1832 955 1864 order
974 1834 1013 1864 to
1032 1833 1189 1864 increase
1210 1831 1271 1863 the
1288 1831 1383 1864 force

191 1876 232 1908 Of
244 1876 454 1961 {hCegriiofilale
472 1918 604 1960 Pliny's
623 1918 750 1950 “den''
766 1918 849 1961 (Ep.
870 1919 902 1950 ii.
926 1920 974 1950 17.
997 1919 1073 1958 21):
1098 1929 1183 1960 quae
1197 1917 1383 1960 speculari-

192 1963 262 2011 bus·
277 1967 305 1994 et
334 1963 412 1994 velis
431 1962 582 1995 obductis
605 1962 791 1994 reductisve
818 1962 915 1993 modo
941 1962 1092 1993 adicitur
1111 1961 1261 1993 cubiculo
1283 1962 1381 1993 modo

191 2008 442 2090 “acsegltdiiipare
459 2048 520 2080 the
537 2048 633 2080 ideas
651 2047 840 2089 expressed
857 2049 891 2079 in
909 2047 978 2089 Ep.
998 2058 1053 2080 XV.
1075 2049 1094 2079 Q
1111 2047 1133 2080 f.

193 2106 238 2138 <21
250 2106 271 2137 2
