<?xml version="1.0" encoding="UTF-8"?>
<!DOCTYPE html PUBLIC "-//W3C//DTD XHTML 1.0 Transitional//EN"
    "http://www.w3.org/TR/xhtml1/DTD/xhtml1-transitional.dtd">
<html xmlns="http://www.w3.org/1999/xhtml" xml:lang="en" lang="en">
 <head>
  <title>
</title>
<meta http-equiv="Content-Type" content="text/html;charset=utf-8" />
  <meta name='ocr-system' content='tesseract 3.04.00' />
  <meta name='ocr-capabilities' content='ocr_page ocr_carea ocr_par ocr_line ocrx_word'/>
</head>
<body>
  <div class='ocr_page' id='page_1' title='image "adlucilium02sene_0248.png"; bbox 0 0 1434 2333; ppageno 0'>
   <div class='ocr_carea' id='block_1_1' title="bbox 414 102 1158 145">
    <p class='ocr_par' dir='ltr' id='par_1_1' title="bbox 414 102 1158 145">
     <span class='ocr_line' id='line_1_1' title="bbox 414 102 1158 145; baseline 0.001 -6"><span class='ocrx_word' id='word_1_1' title='bbox 414 103 530 139; x_wconf 91' lang='lat' dir='ltr'>THE</span> <span class='ocrx_word' id='word_1_2' title='bbox 560 102 815 145; x_wconf 88' lang='lat' dir='ltr'>EPISTLES</span> <span class='ocrx_word' id='word_1_3' title='bbox 847 103 918 140; x_wconf 92' lang='lat' dir='ltr'>OF</span> <span class='ocrx_word' id='word_1_4' title='bbox 946 103 1158 141; x_wconf 86' lang='lat' dir='ltr'>SENECA</span> 
     </span>
    </p>
   </div>
   <div class='ocr_carea' id='block_1_2' title="bbox 125 191 1391 1747">
    <p class='ocr_par' dir='ltr' id='par_1_2' title="bbox 193 191 1386 502">
     <span class='ocr_line' id='line_1_2' title="bbox 194 191 1385 241; baseline -0.001 -14"><span class='ocrx_word' id='word_1_5' title='bbox 194 194 369 236; x_wconf 83' lang='lat' dir='ltr'>meritos,</span> <span class='ocrx_word' id='word_1_6' title='bbox 389 194 464 227; x_wconf 88' lang='lat' dir='ltr'>nisi</span> <span class='ocrx_word' id='word_1_7' title='bbox 484 191 656 228; x_wconf 89' lang='lat' dir='ltr'>multum</span> <span class='ocrx_word' id='word_1_8' title='bbox 676 191 779 229; x_wconf 88' lang='lat' dir='ltr'>male</span> <span class='ocrx_word' id='word_1_9' title='bbox 800 191 905 229; x_wconf 88' lang='lat' dir='ltr'>facta</span> <span class='ocrx_word' id='word_1_10' title='bbox 925 191 1173 241; x_wconf 85' lang='lat' dir='ltr'>praecedunt</span> <span class='ocrx_word' id='word_1_11' title='bbox 1192 197 1234 228; x_wconf 88' lang='lat' dir='ltr'>et</span> <span class='ocrx_word' id='word_1_12' title='bbox 1259 193 1385 228; x_wconf 86' lang='lat' dir='ltr'>mani-</span> 
     </span>
     <span class='ocr_line' id='line_1_3' title="bbox 193 256 1384 306; baseline 0 -14"><span class='ocrx_word' id='word_1_13' title='bbox 193 256 341 293; x_wconf 90' lang='lat' dir='ltr'>festum</span> <span class='ocrx_word' id='word_1_14' title='bbox 363 259 484 293; x_wconf 90' lang='lat' dir='ltr'>etiam</span> <span class='ocrx_word' id='word_1_15' title='bbox 505 260 706 294; x_wconf 83' lang='lat' dir='ltr'>coniventi</span> <span class='ocrx_word' id='word_1_16' title='bbox 720 257 732 280; x_wconf 80' lang='lat'>1</span> <span class='ocrx_word' id='word_1_17' title='bbox 755 257 968 293; x_wconf 82' lang='lat' dir='ltr'>discrimen</span> <span class='ocrx_word' id='word_1_18' title='bbox 995 262 1081 300; x_wconf 87' lang='lat' dir='ltr'>est;</span> <span class='ocrx_word' id='word_1_19' title='bbox 1111 261 1206 293; x_wconf 87' lang='lat' dir='ltr'>tunc</span> <span class='ocrx_word' id='word_1_20' title='bbox 1227 268 1384 306; x_wconf 89' lang='lat' dir='ltr'>quoque</span> 
     </span>
     <span class='ocr_line' id='line_1_4' title="bbox 193 321 1383 371; baseline -0.001 -14"><span class='ocrx_word' id='word_1_21' title='bbox 193 324 234 357; x_wconf 92' lang='lat' dir='ltr'>in</span> <span class='ocrx_word' id='word_1_22' title='bbox 255 321 329 358; x_wconf 92' lang='lat' dir='ltr'>hoc</span> <span class='ocrx_word' id='word_1_23' title='bbox 356 322 578 367; x_wconf 75' lang='lat' dir='ltr'><strong>dumtaxat,</strong></span> <span class='ocrx_word' id='word_1_24' title='bbox 600 327 644 359; x_wconf 87' lang='lat' dir='ltr'>ut</span> <span class='ocrx_word' id='word_1_25' title='bbox 671 322 761 359; x_wconf 87' lang='lat' dir='ltr'>talis</span> <span class='ocrx_word' id='word_1_26' title='bbox 791 325 842 359; x_wconf 90' lang='lat' dir='ltr'>sit</span> <span class='ocrx_word' id='word_1_27' title='bbox 870 327 961 371; x_wconf 89' lang='lat' dir='ltr'>post</span> <span class='ocrx_word' id='word_1_28' title='bbox 986 325 1175 358; x_wconf 87' lang='lat' dir='ltr'>maiorem</span> <span class='ocrx_word' id='word_1_29' title='bbox 1203 323 1383 357; x_wconf 84' lang='lat' dir='ltr'>iniuriam</span> 
     </span>
     <span class='ocr_line' id='line_1_5' title="bbox 193 386 1386 436; baseline -0.002 -13"><span class='ocrx_word' id='word_1_30' title='bbox 193 387 319 436; x_wconf 88' lang='lat' dir='ltr'>qualis</span> <span class='ocrx_word' id='word_1_31' title='bbox 357 392 451 424; x_wconf 88' lang='lat' dir='ltr'>ante</span> <span class='ocrx_word' id='word_1_32' title='bbox 490 387 739 425; x_wconf 77' lang='lat' dir='ltr'>beneficium.</span> <span class='ocrx_word' id='word_1_33' title='bbox 815 387 918 423; x_wconf 81' lang='lat' dir='ltr'>Nam</span> <span class='ocrx_word' id='word_1_34' title='bbox 956 401 1046 424; x_wconf 90' lang='lat' dir='ltr'>cum</span> <span class='ocrx_word' id='word_1_35' title='bbox 1084 386 1278 424; x_wconf 90' lang='lat' dir='ltr'>beneficio</span> <span class='ocrx_word' id='word_1_36' title='bbox 1316 398 1386 435; x_wconf 88' lang='lat' dir='ltr'>par</span> 
     </span>
     <span class='ocr_line' id='line_1_6' title="bbox 194 453 1382 502; baseline -0.002 -14"><span class='ocrx_word' id='word_1_37' title='bbox 194 457 255 488; x_wconf 89' lang='lat' dir='ltr'>est</span> <span class='ocrx_word' id='word_1_38' title='bbox 283 455 438 498; x_wconf 84' lang='lat' dir='ltr'>iniuria,</span> <span class='ocrx_word' id='word_1_39' title='bbox 458 453 607 502; x_wconf 88' lang='lat' dir='ltr'>aliquid</span> <span class='ocrx_word' id='word_1_40' title='bbox 636 456 678 489; x_wconf 89' lang='lat' dir='ltr'>in</span> <span class='ocrx_word' id='word_1_41' title='bbox 707 455 838 489; x_wconf 87' lang='lat' dir='ltr'>animo</span> <span class='ocrx_word' id='word_1_42' title='bbox 868 453 1162 489; x_wconf 88' lang='lat' dir='ltr'>benivolentiae</span> <span class='ocrx_word' id='word_1_43' title='bbox 1190 456 1382 488; x_wconf 79' lang='lat' dir='ltr'>remanet.</span> 
     </span>
    </p>

    <p class='ocr_par' dir='ltr' id='par_1_3' title="bbox 125 516 1386 882">
     <span class='ocr_line' id='line_1_7' title="bbox 125 516 1385 567; baseline -0.001 -15"><span class='ocrx_word' id='word_1_44' title='bbox 125 516 173 552; x_wconf 84' lang='lat'>26</span> <span class='ocrx_word' id='word_1_45' title='bbox 194 516 543 562; x_wconf 79' lang='lat' dir='ltr'>Quemadmodum</span> <span class='ocrx_word' id='word_1_46' title='bbox 570 531 659 555; x_wconf 88' lang='lat' dir='ltr'>reus</span> <span class='ocrx_word' id='word_1_47' title='bbox 686 518 896 555; x_wconf 78' lang='lat' dir='ltr'>sententiis</span> <span class='ocrx_word' id='word_1_48' title='bbox 923 518 1081 567; x_wconf 88' lang='lat' dir='ltr'>paribus</span> <span class='ocrx_word' id='word_1_49' title='bbox 1107 516 1324 553; x_wconf 77' lang='lat' dir='ltr'><strong>absolvitur</strong></span> <span class='ocrx_word' id='word_1_50' title='bbox 1344 520 1385 552; x_wconf 92' lang='lat' dir='ltr'>et</span> 
     </span>
     <span class='ocr_line' id='line_1_8' title="bbox 193 582 1385 634; baseline -0.002 -16"><span class='ocrx_word' id='word_1_51' title='bbox 193 595 350 632; x_wconf 86' lang='lat' dir='ltr'>semper</span> <span class='ocrx_word' id='word_1_52' title='bbox 383 583 571 634; x_wconf 89' lang='lat' dir='ltr'>quicquid</span> <span class='ocrx_word' id='word_1_53' title='bbox 602 584 768 620; x_wconf 88' lang='lat' dir='ltr'>dubium</span> <span class='ocrx_word' id='word_1_54' title='bbox 801 588 861 620; x_wconf 87' lang='lat' dir='ltr'>est</span> <span class='ocrx_word' id='word_1_55' title='bbox 895 583 1121 620; x_wconf 89' lang='lat' dir='ltr'>humanitas</span> <span class='ocrx_word' id='word_1_56' title='bbox 1150 582 1316 618; x_wconf 86' lang='lat' dir='ltr'>inclinat</span> <span class='ocrx_word' id='word_1_57' title='bbox 1344 583 1385 616; x_wconf 90' lang='lat' dir='ltr'>in</span> 
     </span>
     <span class='ocr_line' id='line_1_9' title="bbox 192 645 1384 698; baseline -0.002 -15"><span class='ocrx_word' id='word_1_58' title='bbox 192 648 348 694; x_wconf 90' lang='lat' dir='ltr'>melius,</span> <span class='ocrx_word' id='word_1_59' title='bbox 382 651 436 685; x_wconf 89' lang='lat' dir='ltr'>sic</span> <span class='ocrx_word' id='word_1_60' title='bbox 473 649 655 685; x_wconf 78' lang='lat' dir='ltr'>animus2</span> <span class='ocrx_word' id='word_1_61' title='bbox 694 651 896 698; x_wconf 80' lang='lat' dir='ltr'>sapientis,</span> <span class='ocrx_word' id='word_1_62' title='bbox 931 649 999 684; x_wconf 91' lang='lat' dir='ltr'>ubi</span> <span class='ocrx_word' id='word_1_63' title='bbox 1038 650 1145 697; x_wconf 87' lang='lat' dir='ltr'>paria</span> <span class='ocrx_word' id='word_1_64' title='bbox 1183 645 1384 683; x_wconf 87' lang='lat' dir='ltr'>maleficiis</span> 
     </span>
     <span class='ocr_line' id='line_1_10' title="bbox 193 711 1386 764; baseline -0.003 -15"><span class='ocrx_word' id='word_1_65' title='bbox 193 716 335 750; x_wconf 86' lang='lat' dir='ltr'>merita</span> <span class='ocrx_word' id='word_1_66' title='bbox 355 719 460 760; x_wconf 80' lang='lat' dir='ltr'>sunt,</span> <span class='ocrx_word' id='word_1_67' title='bbox 481 714 640 751; x_wconf 79' lang='lat' dir='ltr'>desinet</span> <span class='ocrx_word' id='word_1_68' title='bbox 667 714 828 764; x_wconf 90' lang='lat' dir='ltr'>quidem</span> <span class='ocrx_word' id='word_1_69' title='bbox 853 713 1015 759; x_wconf 85' lang='lat' dir='ltr'>debere,</span> <span class='ocrx_word' id='word_1_70' title='bbox 1035 712 1105 750; x_wconf 85' lang='lat' dir='ltr'>sed</span> <span class='ocrx_word' id='word_1_71' title='bbox 1131 725 1211 748; x_wconf 92' lang='lat' dir='ltr'>non</span> <span class='ocrx_word' id='word_1_72' title='bbox 1238 711 1386 748; x_wconf 81' lang='lat' dir='ltr'>desinit</span> 
     </span>
     <span class='ocr_line' id='line_1_11' title="bbox 193 777 1385 829; baseline -0.002 -15"><span class='ocrx_word' id='word_1_73' title='bbox 193 779 295 816; x_wconf 89' lang='lat' dir='ltr'>velle</span> <span class='ocrx_word' id='word_1_74' title='bbox 316 779 464 817; x_wconf 89' lang='lat' dir='ltr'>debere</span> <span class='ocrx_word' id='word_1_75' title='bbox 485 785 527 817; x_wconf 87' lang='lat' dir='ltr'>et</span> <span class='ocrx_word' id='word_1_76' title='bbox 546 779 621 816; x_wconf 90' lang='lat' dir='ltr'>hoc</span> <span class='ocrx_word' id='word_1_77' title='bbox 644 779 752 825; x_wconf 83' lang='lat' dir='ltr'>facit,</span> <span class='ocrx_word' id='word_1_78' title='bbox 768 779 875 829; x_wconf 92' lang='lat' dir='ltr'>quod</span> <span class='ocrx_word' id='word_1_79' title='bbox 895 782 962 829; x_wconf 91' lang='lat' dir='ltr'>qui</span> <span class='ocrx_word' id='word_1_80' title='bbox 982 783 1072 828; x_wconf 90' lang='lat' dir='ltr'>post</span> <span class='ocrx_word' id='word_1_81' title='bbox 1092 777 1245 814; x_wconf 85' lang='lat' dir='ltr'>tabulas</span> <span class='ocrx_word' id='word_1_82' title='bbox 1265 789 1385 813; x_wconf 91' lang='lat' dir='ltr'>novas</span> 
     </span>
     <span class='ocr_line' id='line_1_12' title="bbox 195 845 363 882; baseline 0.012 -2"><span class='ocrx_word' id='word_1_83' title='bbox 195 845 363 882; x_wconf 74' lang='lat' dir='ltr'>solvunt.</span> 
     </span>
    </p>

    <p class='ocr_par' dir='ltr' id='par_1_4' title="bbox 125 906 1388 1223">
     <span class='ocr_line' id='line_1_13' title="bbox 125 906 1387 960; baseline -0.004 -12"><span class='ocrx_word' id='word_1_84' title='bbox 125 906 173 942; x_wconf 82' lang='lat'>27</span> <span class='ocrx_word' id='word_1_85' title='bbox 263 911 391 948; x_wconf 89' lang='lat' dir='ltr'>Nemo</span> <span class='ocrx_word' id='word_1_86' title='bbox 419 916 555 947; x_wconf 87' lang='lat' dir='ltr'>autem</span> <span class='ocrx_word' id='word_1_87' title='bbox 585 916 720 960; x_wconf 84' lang='lat' dir='ltr'>gratus</span> <span class='ocrx_word' id='word_1_88' title='bbox 749 923 835 948; x_wconf 91' lang='lat' dir='ltr'>esse</span> <span class='ocrx_word' id='word_1_89' title='bbox 864 914 1011 960; x_wconf 86' lang='lat' dir='ltr'>potest,</span> <span class='ocrx_word' id='word_1_90' title='bbox 1040 912 1115 946; x_wconf 91' lang='lat' dir='ltr'>nisi</span> <span class='ocrx_word' id='word_1_91' title='bbox 1145 910 1387 957; x_wconf 79' lang='lat' dir='ltr'>contempsit</span> 
     </span>
     <span class='ocr_line' id='line_1_14' title="bbox 194 973 1386 1027; baseline -0.003 -15"><span class='ocrx_word' id='word_1_92' title='bbox 194 979 282 1023; x_wconf 87' lang='lat' dir='ltr'>ista,</span> <span class='ocrx_word' id='word_1_93' title='bbox 320 982 483 1027; x_wconf 87' lang='lat' dir='ltr'>propter</span> <span class='ocrx_word' id='word_1_94' title='bbox 521 990 622 1027; x_wconf 91' lang='lat' dir='ltr'>quae</span> <span class='ocrx_word' id='word_1_95' title='bbox 666 976 808 1026; x_wconf 88' lang='lat' dir='ltr'>vulgus</span> <span class='ocrx_word' id='word_1_96' title='bbox 850 978 1021 1020; x_wconf 88' lang='lat' dir='ltr'>insanit;</span> <span class='ocrx_word' id='word_1_97' title='bbox 1069 978 1099 1011; x_wconf 92' lang='lat' dir='ltr'>si</span> <span class='ocrx_word' id='word_1_98' title='bbox 1145 973 1291 1011; x_wconf 87' lang='lat' dir='ltr'>referre</span> <span class='ocrx_word' id='word_1_99' title='bbox 1331 976 1386 1009; x_wconf 91' lang='lat' dir='ltr'>vis</span> 
     </span>
     <span class='ocr_line' id='line_1_15' title="bbox 195 1037 1386 1090; baseline -0.003 -12"><span class='ocrx_word' id='word_1_100' title='bbox 195 1045 375 1090; x_wconf 80' lang='lat' dir='ltr'>gratiam,</span> <span class='ocrx_word' id='word_1_101' title='bbox 412 1048 453 1080; x_wconf 86' lang='lat' dir='ltr'>et</span> <span class='ocrx_word' id='word_1_102' title='bbox 486 1046 526 1079; x_wconf 92' lang='lat' dir='ltr'>in</span> <span class='ocrx_word' id='word_1_103' title='bbox 561 1043 723 1079; x_wconf 89' lang='lat' dir='ltr'>exilium</span> <span class='ocrx_word' id='word_1_104' title='bbox 753 1041 930 1079; x_wconf 86' lang='lat' dir='ltr'>eundum</span> <span class='ocrx_word' id='word_1_105' title='bbox 960 1046 1020 1078; x_wconf 85' lang='lat' dir='ltr'>est</span> <span class='ocrx_word' id='word_1_106' title='bbox 1050 1046 1092 1078; x_wconf 93' lang='lat' dir='ltr'>et</span> <span class='ocrx_word' id='word_1_107' title='bbox 1122 1037 1386 1077; x_wconf 85' lang='lat' dir='ltr'>effundendus</span> 
     </span>
     <span class='ocr_line' id='line_1_16' title="bbox 196 1106 1388 1157; baseline -0.003 -14"><span class='ocrx_word' id='word_1_108' title='bbox 196 1111 354 1157; x_wconf 86' lang='lat' dir='ltr'>sanguis</span> <span class='ocrx_word' id='word_1_109' title='bbox 394 1113 435 1145; x_wconf 91' lang='lat' dir='ltr'>et</span> <span class='ocrx_word' id='word_1_110' title='bbox 473 1107 723 1157; x_wconf 88' lang='lat' dir='ltr'>suscipienda</span> <span class='ocrx_word' id='word_1_111' title='bbox 765 1112 921 1157; x_wconf 84' lang='lat' dir='ltr'>egestas</span> <span class='ocrx_word' id='word_1_112' title='bbox 960 1111 1002 1143; x_wconf 86' lang='lat' dir='ltr'>et</span> <span class='ocrx_word' id='word_1_113' title='bbox 1038 1109 1123 1155; x_wconf 90' lang='lat' dir='ltr'>ipsa</span> <span class='ocrx_word' id='word_1_114' title='bbox 1160 1106 1388 1141; x_wconf 88' lang='lat' dir='ltr'>innocentia</span> 
     </span>
     <span class='ocr_line' id='line_1_17' title="bbox 196 1169 1385 1223; baseline -0.004 -13"><span class='ocrx_word' id='word_1_115' title='bbox 196 1186 313 1223; x_wconf 89' lang='lat' dir='ltr'>saepe</span> <span class='ocrx_word' id='word_1_116' title='bbox 352 1173 587 1210; x_wconf 87' lang='lat' dir='ltr'>maculanda</span> <span class='ocrx_word' id='word_1_117' title='bbox 620 1173 874 1222; x_wconf 85' lang='lat' dir='ltr'>indignisque</span> <span class='ocrx_word' id='word_1_118' title='bbox 909 1171 1117 1208; x_wconf 84' lang='lat' dir='ltr'>obicienda</span> <span class='ocrx_word' id='word_1_119' title='bbox 1154 1169 1385 1206; x_wconf 87' lang='lat' dir='ltr'>rumoribus.</span> 
     </span>
    </p>

    <p class='ocr_par' dir='ltr' id='par_1_5' title="bbox 127 1235 1391 1681">
     <span class='ocr_line' id='line_1_18' title="bbox 127 1235 1388 1288; baseline -0.004 -13"><span class='ocrx_word' id='word_1_120' title='bbox 127 1239 176 1275; x_wconf 85' lang='lat'>28</span> <span class='ocrx_word' id='word_1_121' title='bbox 199 1239 288 1275; x_wconf 91' lang='lat' dir='ltr'>Non</span> <span class='ocrx_word' id='word_1_122' title='bbox 322 1252 440 1288; x_wconf 79' lang='lat' dir='ltr'>parvo</span> <span class='ocrx_word' id='word_1_123' title='bbox 470 1239 542 1274; x_wconf 90' lang='lat' dir='ltr'>sibi</span> <span class='ocrx_word' id='word_1_124' title='bbox 577 1243 734 1275; x_wconf 86' lang='lat' dir='ltr'>constat</span> <span class='ocrx_word' id='word_1_125' title='bbox 767 1237 886 1274; x_wconf 89' lang='lat' dir='ltr'>homo</span> <span class='ocrx_word' id='word_1_126' title='bbox 911 1242 1056 1286; x_wconf 88' lang='lat' dir='ltr'>gratus.</span> <span class='ocrx_word' id='word_1_127' title='bbox 1119 1235 1228 1271; x_wconf 82' lang='lat' dir='ltr'>Nihil</span> <span class='ocrx_word' id='word_1_128' title='bbox 1262 1237 1388 1271; x_wconf 89' lang='lat' dir='ltr'>carius</span> 
     </span>
     <span class='ocr_line' id='line_1_19' title="bbox 195 1299 1387 1354; baseline -0.005 -13"><span class='ocrx_word' id='word_1_129' title='bbox 195 1307 449 1341; x_wconf 81' lang='lat' dir='ltr'>aestimamus</span> <span class='ocrx_word' id='word_1_130' title='bbox 466 1317 584 1354; x_wconf 89' lang='lat' dir='ltr'>quam</span> <span class='ocrx_word' id='word_1_131' title='bbox 604 1302 855 1348; x_wconf 83' lang='lat' dir='ltr'>beneficium,</span> <span class='ocrx_word' id='word_1_132' title='bbox 876 1302 1063 1352; x_wconf 83' lang='lat' dir='ltr'>quamdiu</span> <span class='ocrx_word' id='word_1_133' title='bbox 1085 1304 1273 1351; x_wconf 85' lang='lat' dir='ltr'>petimus,</span> <span class='ocrx_word' id='word_1_134' title='bbox 1288 1299 1387 1336; x_wconf 87' lang='lat' dir='ltr'>nihil</span> 
     </span>
     <span class='ocr_line' id='line_1_20' title="bbox 196 1365 1388 1419; baseline -0.003 -13"><span class='ocrx_word' id='word_1_135' title='bbox 196 1370 324 1415; x_wconf 77' lang='lat' dir='ltr'>vilius,</span> <span class='ocrx_word' id='word_1_136' title='bbox 354 1383 442 1406; x_wconf 88' lang='lat' dir='ltr'>cum</span> <span class='ocrx_word' id='word_1_137' title='bbox 476 1372 710 1419; x_wconf 87' lang='lat' dir='ltr'>accepimus.</span> <span class='ocrx_word' id='word_1_138' title='bbox 770 1368 937 1414; x_wconf 84' lang='lat' dir='ltr'>Quaeris</span> <span class='ocrx_word' id='word_1_139' title='bbox 967 1368 1062 1418; x_wconf 89' lang='lat' dir='ltr'>quid</span> <span class='ocrx_word' id='word_1_140' title='bbox 1092 1370 1155 1412; x_wconf 85' lang='lat' dir='ltr'>sit,</span> <span class='ocrx_word' id='word_1_141' title='bbox 1185 1365 1291 1416; x_wconf 92' lang='lat' dir='ltr'>quod</span> <span class='ocrx_word' id='word_1_142' title='bbox 1321 1366 1388 1402; x_wconf 86' lang='lat' dir='ltr'>ob—</span> 
     </span>
     <span class='ocr_line' id='line_1_21' title="bbox 198 1431 1390 1484; baseline -0.003 -14"><span class='ocrx_word' id='word_1_143' title='bbox 198 1435 384 1472; x_wconf 90' lang='lat' dir='ltr'>livionem</span> <span class='ocrx_word' id='word_1_144' title='bbox 418 1436 532 1472; x_wconf 89' lang='lat' dir='ltr'>nobis</span> <span class='ocrx_word' id='word_1_145' title='bbox 565 1440 819 1484; x_wconf 85' lang='lat' dir='ltr'>acceptorum</span> <span class='ocrx_word' id='word_1_146' title='bbox 853 1433 1001 1470; x_wconf 87' lang='lat' dir='ltr'>faciat?</span> <span class='ocrx_word' id='word_1_147' title='bbox 1058 1431 1262 1481; x_wconf 86' lang='lat' dir='ltr'>Cupiditas</span> <span class='ocrx_word' id='word_1_148' title='bbox 1291 1432 1390 1467; x_wconf 90' lang='lat' dir='ltr'>acci-</span> 
     </span>
     <span class='ocr_line' id='line_1_22' title="bbox 198 1495 1389 1550; baseline -0.004 -13"><span class='ocrx_word' id='word_1_149' title='bbox 198 1501 444 1550; x_wconf 87' lang='lat' dir='ltr'>piendorum.</span> <span class='ocrx_word' id='word_1_150' title='bbox 517 1501 745 1549; x_wconf 87' lang='lat' dir='ltr'>Cogitamus</span> <span class='ocrx_word' id='word_1_151' title='bbox 779 1512 859 1535; x_wconf 92' lang='lat' dir='ltr'>non</span> <span class='ocrx_word' id='word_1_152' title='bbox 893 1498 988 1548; x_wconf 87' lang='lat' dir='ltr'>quid</span> <span class='ocrx_word' id='word_1_153' title='bbox 1028 1501 1286 1546; x_wconf 86' lang='lat' dir='ltr'>inpetratum,</span> <span class='ocrx_word' id='word_1_154' title='bbox 1319 1495 1389 1532; x_wconf 88' lang='lat' dir='ltr'>sed</span> 
     </span>
     <span class='ocr_line' id='line_1_23' title="bbox 198 1562 1389 1616; baseline -0.005 -13"><span class='ocrx_word' id='word_1_155' title='bbox 198 1566 294 1616; x_wconf 89' lang='lat' dir='ltr'>quid</span> <span class='ocrx_word' id='word_1_156' title='bbox 333 1566 555 1616; x_wconf 84' lang='lat' dir='ltr'>petendum</span> <span class='ocrx_word' id='word_1_157' title='bbox 589 1568 649 1602; x_wconf 87' lang='lat' dir='ltr'>sit.</span> <span class='ocrx_word' id='word_1_158' title='bbox 723 1563 973 1601; x_wconf 84' lang='lat' dir='ltr'>Abstrahunt</span> <span class='ocrx_word' id='word_1_159' title='bbox 1006 1577 1029 1599; x_wconf 89' lang='lat' dir='ltr'>a</span> <span class='ocrx_word' id='word_1_160' title='bbox 1066 1568 1175 1600; x_wconf 89' lang='lat' dir='ltr'>recto</span> <span class='ocrx_word' id='word_1_161' title='bbox 1214 1562 1389 1606; x_wconf 86' lang='lat' dir='ltr'>divitiae,</span> 
     </span>
     <span class='ocr_line' id='line_1_24' title="bbox 198 1631 1391 1681; baseline -0.006 -12"><span class='ocrx_word' id='word_1_162' title='bbox 198 1632 380 1678; x_wconf 82' lang='lat' dir='ltr'>honores,</span> <span class='ocrx_word' id='word_1_163' title='bbox 397 1634 578 1681; x_wconf 86' lang='lat' dir='ltr'>potentia</span> <span class='ocrx_word' id='word_1_164' title='bbox 598 1636 640 1667; x_wconf 87' lang='lat' dir='ltr'>et</span> <span class='ocrx_word' id='word_1_165' title='bbox 660 1634 806 1675; x_wconf 81' lang='lat' dir='ltr'>cetera,</span> <span class='ocrx_word' id='word_1_166' title='bbox 826 1642 926 1679; x_wconf 90' lang='lat' dir='ltr'>quae</span> <span class='ocrx_word' id='word_1_167' title='bbox 943 1631 1129 1678; x_wconf 86' lang='lat' dir='ltr'>opinione</span> <span class='ocrx_word' id='word_1_168' title='bbox 1150 1632 1283 1664; x_wconf 87' lang='lat' dir='ltr'>nostra</span> <span class='ocrx_word' id='word_1_169' title='bbox 1304 1639 1391 1662; x_wconf 85' lang='lat' dir='ltr'>cara</span> 
     </span>
    </p>

    <p class='ocr_par' dir='ltr' id='par_1_6' title="bbox 131 1691 1389 1747">
     <span class='ocr_line' id='line_1_25' title="bbox 131 1691 1389 1747; baseline -0.005 -15"><span class='ocrx_word' id='word_1_170' title='bbox 131 1697 178 1733; x_wconf 75' lang='lat'>‘29</span> <span class='ocrx_word' id='word_1_171' title='bbox 199 1704 304 1743; x_wconf 82' lang='lat' dir='ltr'>sunt,</span> <span class='ocrx_word' id='word_1_172' title='bbox 334 1700 462 1747; x_wconf 83' lang='lat' dir='ltr'>pretio</span> <span class='ocrx_word' id='word_1_173' title='bbox 492 1710 561 1733; x_wconf 90' lang='lat' dir='ltr'>suo</span> <span class='ocrx_word' id='word_1_174' title='bbox 595 1696 696 1732; x_wconf 89' lang='lat' dir='ltr'>vilia.</span> <span class='ocrx_word' id='word_1_175' title='bbox 756 1695 965 1731; x_wconf 85' lang='lat' dir='ltr'>Nescimus</span> <span class='ocrx_word' id='word_1_176' title='bbox 993 1696 1203 1730; x_wconf 87' lang='lat' dir='ltr'>aestimare</span> <span class='ocrx_word' id='word_1_177' title='bbox 1233 1704 1308 1737; x_wconf 88' lang='lat' dir='ltr'>res,</span> <span class='ocrx_word' id='word_1_178' title='bbox 1338 1691 1389 1727; x_wconf 90' lang='lat' dir='ltr'>de</span> 
     </span>
    </p>
   </div>
   <div class='ocr_carea' id='block_1_3' title="bbox 398 1778 1186 1860">
    <p class='ocr_par' dir='ltr' id='par_1_7' title="bbox 398 1778 1186 1860">
     <span class='ocr_line' id='line_1_26' title="bbox 398 1778 1186 1817; baseline -0.006 -2"><span class='ocrx_word' id='word_1_179' title='bbox 398 1784 406 1802; x_wconf 79' lang='lat'>¹</span> <span class='ocrx_word' id='word_1_180' title='bbox 431 1782 623 1815; x_wconf 71' lang='lat' dir='ltr'>conniventi</span> <span class='ocrx_word' id='word_1_181' title='bbox 639 1781 727 1813; x_wconf 83' lang='lat' dir='ltr'>later</span> <span class='ocrx_word' id='word_1_182' title='bbox 744 1779 846 1813; x_wconf 90' lang='lat' dir='ltr'>MSS.</span> <span class='ocrx_word' id='word_1_183' title='bbox 864 1793 873 1817; x_wconf 85' lang='lat'>;</span> <span class='ocrx_word' id='word_1_184' title='bbox 898 1779 1070 1812; x_wconf 74' lang='lat' dir='ltr'>contuenti</span> <span class='ocrx_word' id='word_1_185' title='bbox 1086 1778 1186 1811; x_wconf 88' lang='lat' dir='ltr'>VPb.</span> 
     </span>
     <span class='ocr_line' id='line_1_27' title="bbox 460 1821 1136 1860; baseline -0.004 -3"><span class='ocrx_word' id='word_1_186' title='bbox 460 1827 472 1845; x_wconf 79' lang='lat'>2</span> <span class='ocrx_word' id='word_1_187' title='bbox 496 1826 632 1857; x_wconf 74' lang='lat' dir='ltr'>animus</span> <span class='ocrx_word' id='word_1_188' title='bbox 648 1825 736 1856; x_wconf 81' lang='lat' dir='ltr'>later</span> <span class='ocrx_word' id='word_1_189' title='bbox 753 1822 853 1855; x_wconf 86' lang='lat' dir='ltr'>MSS.</span> <span class='ocrx_word' id='word_1_190' title='bbox 871 1836 880 1860; x_wconf 86' lang='lat'>;</span> <span class='ocrx_word' id='word_1_191' title='bbox 904 1823 1019 1855; x_wconf 77' lang='lat' dir='ltr'>animo</span> <span class='ocrx_word' id='word_1_192' title='bbox 1036 1821 1136 1854; x_wconf 91' lang='lat' dir='ltr'>VPb.</span> 
     </span>
    </p>
   </div>
   <div class='ocr_carea' id='block_1_4' title="bbox 197 1889 1390 2068">
    <p class='ocr_par' dir='ltr' id='par_1_8' title="bbox 197 1889 1390 2024">
     <span class='ocr_line' id='line_1_28' title="bbox 251 1889 1389 1937; baseline -0.007 -9"><span class='ocrx_word' id='word_1_193' title='bbox 251 1904 266 1917; x_wconf 67' lang='grc' dir='ltr'><em>α</em></span> <span class='ocrx_word' id='word_1_194' title='bbox 290 1896 406 1928; x_wconf 58' lang='lat' dir='ltr'>WVhen</span> <span class='ocrx_word' id='word_1_195' title='bbox 432 1896 479 1937; x_wconf 87' lang='lat' dir='ltr'>by</span> <span class='ocrx_word' id='word_1_196' title='bbox 495 1895 561 1926; x_wconf 89' lang='lat' dir='ltr'>law</span> <span class='ocrx_word' id='word_1_197' title='bbox 580 1905 619 1926; x_wconf 90' lang='lat' dir='ltr'>or</span> <span class='ocrx_word' id='word_1_198' title='bbox 638 1893 769 1936; x_wconf 88' lang='lat' dir='ltr'>special</span> <span class='ocrx_word' id='word_1_199' title='bbox 789 1894 993 1925; x_wconf 88' lang='lat' dir='ltr'>enactment</span> <span class='ocrx_word' id='word_1_200' title='bbox 1013 1902 1118 1923; x_wconf 77' lang='lat' dir='ltr'>novae</span> <span class='ocrx_word' id='word_1_201' title='bbox 1139 1889 1279 1922; x_wconf 75' lang='lat' dir='ltr'>tabellae</span> <span class='ocrx_word' id='word_1_202' title='bbox 1298 1899 1389 1921; x_wconf 78' lang='lat' dir='ltr'>were</span> 
     </span>
     <span class='ocr_line' id='line_1_29' title="bbox 197 1933 1390 1981; baseline -0.008 -9"><span class='ocrx_word' id='word_1_203' title='bbox 197 1939 348 1981; x_wconf 84' lang='lat' dir='ltr'>granted</span> <span class='ocrx_word' id='word_1_204' title='bbox 367 1942 404 1971; x_wconf 84' lang='lat' dir='ltr'>to</span> <span class='ocrx_word' id='word_1_205' title='bbox 427 1938 558 1981; x_wconf 86' lang='lat' dir='ltr'>special</span> <span class='ocrx_word' id='word_1_206' title='bbox 574 1938 704 1970; x_wconf 86' lang='lat' dir='ltr'>classes</span> <span class='ocrx_word' id='word_1_207' title='bbox 728 1936 768 1968; x_wconf 87' lang='lat' dir='ltr'>of</span> <span class='ocrx_word' id='word_1_208' title='bbox 784 1935 941 1971; x_wconf 84' lang='lat' dir='ltr'>debtors,</span> <span class='ocrx_word' id='word_1_209' title='bbox 958 1935 1051 1967; x_wconf 86' lang='lat' dir='ltr'>their</span> <span class='ocrx_word' id='word_1_210' title='bbox 1074 1933 1190 1969; x_wconf 82' lang='lat' dir='ltr'>debts‚</span> <span class='ocrx_word' id='word_1_211' title='bbox 1209 1942 1248 1964; x_wconf 88' lang='lat' dir='ltr'>as</span> <span class='ocrx_word' id='word_1_212' title='bbox 1271 1933 1305 1963; x_wconf 91' lang='lat' dir='ltr'>in</span> <span class='ocrx_word' id='word_1_213' title='bbox 1326 1942 1390 1964; x_wconf 87' lang='lat' dir='ltr'>our</span> 
     </span>
     <span class='ocr_line' id='line_1_30' title="bbox 199 1978 889 2024; baseline -0.007 -9"><span class='ocrx_word' id='word_1_214' title='bbox 199 1983 425 2024; x_wconf 82' lang='lat' dir='ltr'>bankruptcy</span> <span class='ocrx_word' id='word_1_215' title='bbox 442 1985 574 2018; x_wconf 83' lang='lat' dir='ltr'>courts,</span> <span class='ocrx_word' id='word_1_216' title='bbox 594 1991 684 2012; x_wconf 82' lang='lat' dir='ltr'>were</span> <span class='ocrx_word' id='word_1_217' title='bbox 700 1978 889 2012; x_wconf 88' lang='lat' dir='ltr'>cancelled.</span> 
     </span>
    </p>

    <p class='ocr_par' dir='ltr' id='par_1_9' title="bbox 252 2019 1317 2068">
     <span class='ocr_line' id='line_1_31' title="bbox 252 2019 1317 2068; baseline -0.008 -10"><span class='ocrx_word' id='word_1_218' title='bbox 252 2027 264 2046; x_wconf 75' lang='lat'>²³</span> <span class='ocrx_word' id='word_1_219' title='bbox 291 2026 343 2068; x_wconf 83' lang='lat' dir='ltr'>C&#39;f.</span> <span class='ocrx_word' id='word_1_220' title='bbox 365 2025 433 2067; x_wconf 76' lang='lat' dir='ltr'>Ep.</span> <span class='ocrx_word' id='word_1_221' title='bbox 454 2026 546 2057; x_wconf 82' lang='lat' dir='ltr'>xxxi.</span> <span class='ocrx_word' id='word_1_222' title='bbox 568 2027 586 2055; x_wconf 89' lang='lat'>6</span> <span class='ocrx_word' id='word_1_223' title='bbox 603 2024 687 2066; x_wconf 79' lang='lat' dir='ltr'>quid</span> <span class='ocrx_word' id='word_1_224' title='bbox 702 2033 779 2065; x_wconf 65' lang='lat' dir='ltr'>erqo</span> <span class='ocrx_word' id='word_1_225' title='bbox 796 2026 843 2054; x_wconf 75' lang='lat' dir='ltr'>est</span> <span class='ocrx_word' id='word_1_226' title='bbox 860 2021 983 2054; x_wconf 74' lang='lat' dir='ltr'>bon-um</span> <span class='ocrx_word' id='word_1_227' title='bbox 997 2022 1012 2052; x_wconf 77' lang='lat'><em>?</em></span> <span class='ocrx_word' id='word_1_228' title='bbox 1035 2031 1147 2051; x_wconf 77' lang='lat' dir='ltr'>rerum</span> <span class='ocrx_word' id='word_1_229' title='bbox 1166 2019 1317 2051; x_wconf 71' lang='lat' dir='ltr'>scie-ntia.</span> 
     </span>
    </p>
   </div>
   <div class='ocr_carea' id='block_1_5' title="bbox 200 2076 276 2114">
    <p class='ocr_par' dir='ltr' id='par_1_10' title="bbox 200 2076 276 2114">
     <span class='ocr_line' id='line_1_32' title="bbox 200 2076 276 2114; baseline 0 0"><span class='ocrx_word' id='word_1_230' title='bbox 200 2076 276 2114; x_wconf 70' lang='lat'>236</span> 
     </span>
    </p>
   </div>
  </div>
 </body>
</html>
