1434 2333
410 115 525 152 THE
555 115 807 158 EPISTLES
838 114 909 152 OF
937 114 1147 152 SENECA

119 203 169 240 24
188 202 258 239 sed
286 215 357 238 nos
383 201 517 238 fluvidi
541 207 582 238 et
606 215 780 239 enerves.
840 203 988 251 Magno
1017 204 1148 238 animo
1176 200 1226 237 de
1254 199 1372 235 rebus

121 522 169 558 25

126 845 172 881 26

186 258 339 304 magnis
353 255 608 292 iudicandum
621 260 682 292 est
692 268 700 299 3
715 256 860 305 alioqui
868 254 1225 292 videbiturillarum
1234 255 1373 288 vitium

188 321 286 353 esse,
320 308 427 358 quod
464 315 643 345 nostrum
681 314 752 345 est.
811 308 874 345 Sic
913 308 1107 358 quaedam
1144 309 1374 348 rectissima,

189 375 277 398 cum
285 365 326 398 in
334 375 474 411 aquam
489 362 657 399 demissa
671 368 776 408 sunt,
784 365 957 412 speciem
965 365 1071 398 curvi
1086 360 1374 411 praefractique

189 416 408 452 visentibus
440 416 626 452 reddunt.
687 417 777 452 Non
809 421 966 452 tantum
999 415 1095 465 quid
1127 414 1273 457 videas,
1305 411 1375 448 sed

190 469 538 518 quemadmodum,
554 469 677 506 refert
692 483 700 514 3
729 473 882 506 animus
898 474 1032 505 noster
1046 469 1096 505 ad
1116 481 1206 504 vera
1226 467 1375 516 perspi-

190 522 330 559 cienda
346 522 499 571 caligat.
551 523 612 559 Da
624 523 722 559 mihi
737 523 1036 560 adulescentem
1051 525 1321 569 incorruptum
1335 522 1376 554 et

190 579 351 625 ingenio
372 582 584 625 vegetum;
611 577 719 614 dicet
739 577 1038 614 fortunatiorem
1061 576 1133 612 sibi
1153 574 1290 618 videri,
1311 574 1378 621 qui

190 633 321 666 omnia
334 643 465 666 rerum
478 630 729 666 adversarum
741 644 860 667 onera
874 630 1000 679 rigida
1016 632 1167 666 cervice
1183 627 1377 670 sustollat,

191 686 259 732 qui
279 696 395 732 supra
417 684 616 720 fortunam
639 685 811 721 existat.1
870 684 960 720 Non
978 687 1118 719 mirum
1134 687 1195 719 est
1210 684 1252 717 in
1271 685 1378 717 tran-

192 737 391 786 quillitate
404 750 484 773 non
498 741 656 774 concuti
671 751 679 781 ;
705 738 803 774 illud
819 740 972 782 mirare,
987 738 1041 773 ibi
1055 736 1189 773 extolli
1204 735 1377 784 aliquem

193 791 260 826 ubi
281 803 418 827 omnes
439 791 728 839 deprimuntur,
748 792 802 828 ibi
824 797 926 828 stare
948 792 1014 827 ubi
1035 803 1171 827 omnes
1192 792 1333 824 iacent.

261 844 370 889 Quid
404 849 465 880 est
502 847 544 880 in
583 848 805 890 tormentis,
840 846 935 894 quid
970 849 1031 881 est
1070 847 1111 879 in
1145 843 1243 887 aliis,
1277 853 1378 891 quae

193 897 356 933 adversa
371 898 629 946 appellamus,
645 899 737 934 mali
752 899 765 934 ?
825 899 926 943 Hoc,
946 903 991 934 ut
1011 900 1161 946 opinor,
1177 895 1379 932 succidere

194 956 372 987 mentem
398 956 440 987 et
463 954 656 987 incurvari
686 957 728 988 et
757 953 1023 988 succumbere.
1083 949 1261 995 Quorum
1281 947 1380 984 nihil

196 1007 365 1053 sapienti
386 1007 466 1040 viro
488 1010 621 1053 potest
643 1008 801 1042 evenire
820 1018 828 1048 ;
858 1011 936 1042 stat
957 1010 1088 1041 rectus
1110 1004 1181 1040 sub
1201 1002 1380 1052 quolibet

196 1057 382 1106 pondere.
444 1058 563 1094 Nulla
591 1059 703 1094 illum
732 1072 793 1095 res
822 1062 1015 1095 minorem
1045 1058 1162 1099 facit;
1196 1055 1295 1092 nihil
1324 1054 1382 1091 illi

197 1124 345 1156 eorum,
367 1124 467 1160 quae
494 1111 659 1148 ferenda
685 1118 790 1158 sunt,
811 1112 1006 1161 displicet.
1066 1111 1167 1147 Nam
1193 1107 1382 1159 quicquid

197 1164 339 1201 cadere
386 1168 428 1201 in
474 1165 676 1202 hominem
723 1171 869 1215 potest,
907 1169 948 1202 in
988 1179 1028 1202 se
1076 1164 1264 1201 cecidisse
1302 1175 1382 1198 non

198 1221 386 1267 queritur.
459 1218 570 1255 Vires
614 1232 701 1255 suas
744 1223 864 1256 novit.
937 1218 1020 1255 Scit
1063 1232 1104 1255 se
1148 1230 1232 1254 esse
1273 1218 1383 1252 oneri

164 1294 169 1308 1
198 1271 373 1308 ferendo.
435 1272 524 1307 Non
540 1272 666 1309 educo
682 1276 902 1322 sapientem
925 1286 973 1309 ex
993 1272 1198 1308 hominum
1219 1282 1383 1307 numero

198 1338 272 1362 nec
293 1325 447 1361 dolores
462 1326 512 1361 ab
531 1326 598 1361 illo
614 1329 715 1362 sicut
734 1327 784 1362 ab
799 1326 928 1376 aliqua
943 1339 1040 1375 rupe
1056 1325 1209 1361 nullum
1225 1336 1384 1360 sensum

199 1379 441 1415 admittente
480 1392 717 1416 summoveo.
791 1380 959 1417 Memini
993 1393 1042 1416 ex
1080 1379 1232 1415 duabus
1270 1377 1383 1413 illum

200 1432 376 1481 partibus
415 1445 501 1469 esse
533 1436 819 1482 compositum3
865 1433 990 1470 altera
1029 1438 1089 1469 est
1127 1430 1384 1475 inrationalis,

199 1485 298 1522 haec
324 1486 541 1531 mordetur,
569 1490 706 1532 uritur,
733 1487 868 1530 dolet3
897 1487 1022 1523 altera
1048 1485 1260 1529 rationalis,
1287 1484 1384 1520 haec

200 1542 450 1576 inconcussas
467 1542 671 1589 opiniones
685 1540 820 1586 habet,
833 1540 1032 1589 intrepida
1045 1545 1106 1576 est
1123 1545 1164 1576 et
1179 1538 1382 1574 indomita.

257 1602 268 1621 ¹
293 1602 428 1634 eoesz'stat
466 1602 542 1634 cod.
585 1603 715 1641 Bern.;
754 1608 844 1636 extat
881 1603 1007 1640 VPb2;
1045 1607 1137 1635 emeat
1172 1602 1231 1638 b¹;
1269 1601 1385 1633 eoeiliat

203 1645 355 1677 Hermes
369 1659 378 1680 ς
404 1645 528 1677 Hense
545 1650 711 1688 suggests
728 1651 821 1679 extet.

253 1723 269 1737 ⁰
293 1721 316 1734 ‘⁶
329 1716 386 1748 An
403 1727 475 1753 oar,
494 1716 630 1759 though
647 1719 744 1759 quite
763 1718 886 1755 whole,
906 1721 1066 1760 presents
1085 1717 1146 1749 the
1167 1725 1386 1758 appearance

201 1758 242 1790 of
254 1759 361 1800 being
377 1759 511 1791 broken
529 1760 630 1792 when
645 1771 727 1793 seen
740 1763 774 1793 in
788 1761 880 1793 clear
893 1760 1037 1793 shallow
1049 1758 1385 1795 water.’'—Seneca‚

202 1801 248 1834 N.
257 1801 294 1841 Q.
316 1805 344 1834 1.
364 1804 384 1833 3
401 1801 542 1840 (Clarke
558 1803 628 1835 and
645 1803 797 1843 Geikie).

256 1846 268 1865 b
290 1844 374 1877 This
401 1845 551 1877 dualism
578 1847 620 1878 of
647 1847 722 1879 soul
750 1847 820 1879 and
847 1847 941 1888 body
968 1856 1053 1888 goes
1078 1845 1171 1879 back
1201 1848 1238 1878 to
1266 1845 1388 1877 earlier

202 1888 379 1930 religions‚
397 1888 468 1920 and
487 1889 675 1931 especially
691 1893 728 1922 to
751 1891 812 1922 the
837 1890 990 1922 Persian.
1054 1889 1128 1921 The
1145 1889 1293 1921 rational
1309 1890 1388 1929 part

203 1934 253 1971 (τὸ
270 1932 478 1973 λογιστικόν),
496 1933 633 1973 though
658 1933 739 1965 held
763 1934 811 1974 by
827 1936 919 1965 most
936 1932 1050 1965 Stoics
1074 1935 1111 1964 to
1135 1933 1179 1964 be
1195 1931 1384 1974 corporeal.

203 1985 242 2006 or
257 1977 336 2015 part
351 1975 391 2007 of
403 1974 464 2006 the
480 1975 701 2011 world-stuffi
716 1978 744 2008 is
761 1976 893 2018 closely
905 1975 1038 2007 related
1055 1979 1092 2007 to
1108 1976 1169 2007 the
1186 1977 1386 2016 ἡγεμονικόν,

203 2028 241 2048 or
260 2021 282 2035 ‘⁴
295 2018 528 2059 principate.’'

205 2074 252 2106 88
