1434 2333
403 83 519 119 THE
549 80 804 118 EPISTLES
836 80 906 117 OF
932 79 1145 118 SENECA

181 185 261 208 non
282 176 434 220 repeto,
450 183 530 207 non
551 173 677 219 exigo.
729 169 924 206 Profuisse
941 174 1073 206 tutum
1094 172 1154 206 sit.
1206 168 1369 205 Nullum

181 230 242 262 est
262 224 396 261 odium
412 226 669 274 perniciosius
685 236 804 273 quam
820 236 842 260 e
858 223 1040 260 beneficii
1057 223 1191 259 violati
1206 222 1366 272 pudore.

182 278 217 313 V
219 290 300 315 ΑΒΕ.

674 461 880 500 LXXXII.

460 564 613 601 SENECA
644 563 804 600 chlmo
834 576 900 599 svo
930 575 1101 600 SALVTEM

145 654 163 691 1
253 652 364 688 Desii
391 654 467 687 iam
492 651 541 687 de
562 656 604 687 te
632 663 716 687 esse
744 650 943 686 sollicitus.
1003 649 1210 695 “Quem,”
1232 650 1375 698 inquis,

187 706 389 743 “deorum
419 717 647 754 sponsorem
675 703 928 753 accepisti?'‘
987 703 1089 739 Eum
1119 703 1283 748 scilicet,
1308 704 1375 752 qui

186 762 389 797 neminem
409 758 524 803 fallit,
544 761 719 794 animum
739 760 839 794 recti
864 770 908 793 ac
928 757 1021 793 boni
1041 762 1268 793 amatorem.
1329 755 1375 791 In

186 818 276 850 tuto
296 826 384 861 pars
401 815 459 848 tui
479 811 619 848 melior
638 816 709 848 est.
771 811 908 847 Potest
923 810 1082 847 fortuna
1101 811 1173 846 tibi
1194 812 1376 845 iniuriam

187 867 342 909 facere3
372 865 476 915 quod
506 865 556 902 ad
585 878 669 902 rem
698 867 822 913 magis
852 867 1041 913 pertinet,
1060 878 1139 900 non
1170 866 1305 908 timeo,
1325 875 1376 899 ne

188 927 233 957 tu
260 920 378 956 facias
405 920 488 955 tibi.
550 919 580 964 Ι,
602 932 679 968 qua
704 921 761 955 ire
788 920 953 967 coepisti
981 923 1022 955 et
1045 920 1086 954 in
1113 920 1188 954 isto
1214 922 1256 954 te
1273 920 1377 953 vitae

147 972 169 1008 2
189 975 327 1011 habitu
360 986 540 1023 conpone
572 972 740 1022 placide,
774 985 854 1008 non
885 972 1068 1008 molliter.
1141 971 1246 1008 Male
1280 970 1377 1006 mihi

189 1041 274 1065 esse
308 1027 412 1063 malo
446 1040 564 1076 quam
597 1026 794 1069 molliter3
834 1025 963 1062 male1
998 1038 1103 1062 nunc
1138 1028 1192 1061 sic
1226 1027 1377 1073 excipe,

189 1080 526 1132 quemadmodum
559 1094 582 1116 a
619 1079 765 1129 populo
800 1079 902 1116 solet
936 1079 1037 1115 dici:
1081 1079 1192 1124 dure,
1225 1090 1378 1127 aspere,

189 1136 392 1172 laboriose.
470 1134 621 1170 Audire
660 1133 830 1170 solemus
868 1136 922 1169 sic
966 1132 1211 1183 quorundam
1257 1135 1378 1168 vitam

189 1189 353 1234 laudari,
392 1189 533 1238 quibus
578 1187 801 1224 invidetur:
850 1186 1061 1223 “molliter
1098 1186 1257 1229 vivit⁷';
1304 1185 1379 1221 hoc

190 1243 352 1280 dicunt:
393 1241 559 1277 “mollis
594 1240 692 1277 est.’'
764 1239 958 1276 Paulatim
991 1243 1096 1277 enim
1131 1239 1381 1276 effeminatur

190 1299 343 1333 animus
373 1301 494 1345 atque
523 1297 564 1330 in
593 1293 894 1331 similitudinem
923 1297 994 1330 otii
1023 1296 1081 1330 sui
1112 1298 1154 1330 et
1182 1295 1380 1342 pigritiae,

191 1353 233 1386 in
261 1363 338 1399 qua
372 1352 487 1394 iacet,
522 1348 695 1384 solvitur.
754 1347 862 1393 Quid
897 1348 1019 1396 ergo?
1076 1347 1169 1382 Viro
1203 1360 1283 1382 non
1316 1346 1379 1382 vel

191 1405 440 1453 obrigescere
457 1404 578 1438 satius
594 1407 656 1438 est
670 1403 684 1438 ?
732 1400 890 1437 Deinde
906 1401 1010 1438 idem
1029 1400 1190 1438 delicati
1206 1399 1382 1444 timent,2

193 1461 255 1494 cui
289 1460 411 1494 vitam
445 1469 554 1492 suam
589 1455 719 1492 fecere
751 1455 930 1491 similem.
1006 1454 1180 1491 Multum
1214 1456 1382 1490 interest

532 1549 542 1569 1
568 1549 653 1581 male
669 1548 786 1580 added
802 1548 850 1590 by
868 1547 1040 1581 Muretus.

401 1593 414 1612 '2
438 1593 540 1625 morti
555 1592 647 1624 after
663 1592 780 1624 timent
797 1591 937 1624 deleted
953 1592 1001 1633 by
1018 1591 1174 1633 Madvig.

248 1704 263 1717 α
286 1696 361 1728 The
385 1695 499 1727 words
523 1705 582 1726 are
606 1697 671 1736 put
702 1696 776 1726 into
806 1694 868 1725 the
892 1693 1015 1725 mouth
1040 1693 1081 1725 of
1107 1704 1152 1724 an
1186 1694 1383 1735 imaginary

196 1740 403 1773 benefactor
419 1739 498 1770 who
514 1738 607 1770 fears
624 1738 679 1770 for
696 1738 749 1770 his
766 1747 844 1768 own
862 1736 932 1768 life.

249 1785 261 1803 ὁ
288 1783 340 1825 C'f.
369 1782 451 1814 Tac.
476 1781 597 1824 Agyrio.
621 1783 662 1813 4⁶2
681 1781 869 1823 proprium
893 1779 1036 1811 humani
1060 1779 1186 1821 iuyenii
1209 1784 1255 1811 est
1278 1779 1385 1811 odisse

195 1838 292 1869 quem
309 1825 454 1858 laeseris.

249 1876 261 1890 ⁰
284 1868 363 1902 One
386 1868 464 1900 who
492 1869 609 1900 inc-urs
636 1866 786 1908 liability
810 1866 857 1907 by
880 1865 1008 1907 †aking
1035 1876 1129 1907 upon
1158 1865 1303 1898 himself
1324 1865 1385 1897 the

197 1913 282 1945 debt
298 1912 338 1944 of
350 1911 509 1944 another.
560 1911 593 1943 It
614 1912 642 1942 is
661 1913 740 1952 part
759 1910 800 1942 of
818 1909 879 1941 the
904 1919 1046 1950 process
1070 1908 1199 1941 known
1220 1919 1259 1941 as
1281 1908 1385 1941 ‘inter-

182 1967 307 1988 ressw.

250 1998 265 2016 ‘²
290 1998 425 2031 Rather
440 1997 526 2030 than
544 1997 663 2029 mollis.

199 2056 275 2088 240
