1434 2333
420 123 536 160 THE
566 123 821 161 EPISTLES
852 124 923 162 OF
953 124 1163 163 SENECA

194 212 275 246 sive
296 213 387 259 quia
408 214 567 260 spiritus
583 212 753 250 naturali
773 212 996 262 prohibitus
1016 227 1131 251 cursu
1148 219 1190 251 et
1209 220 1386 252 mutatus

194 271 234 304 in
255 272 368 317 peius
384 272 463 306 vim
484 283 607 317 suam,
623 285 700 321 qua
720 274 831 321 viget
850 272 1120 323 admonetque
1140 287 1224 319 nos,
1240 274 1385 323 perdit,

194 330 275 364 sive
309 332 401 378 quia
435 335 641 380 corruptus
680 344 804 377 umor,
841 345 931 368 cum
964 332 1083 369 desiit
1116 332 1277 378 habere,
1307 346 1386 383 quo

194 386 379 434 confluat,
408 391 492 438 ipse
527 402 567 426 se
602 390 716 427 elidit
747 396 788 427 et
822 394 881 436 iis,
910 404 1011 441 quae
1045 394 1162 428 nimis
1190 392 1385 441 implevit,

152 447 174 484 9
194 450 347 483 excutit
377 460 547 485 sensum.
607 448 671 485 Sic
700 449 875 500 podagra
905 455 946 487 et
973 450 1162 501 cheragra
1188 456 1229 488 et
1257 454 1385 488 omnis

192 506 465 543 vertebrarum
491 507 602 544 dolor
627 509 944 559 nervorumquel
969 510 1274 559 interquiescit,²
1295 523 1385 547 cum

192 565 272 610 illa,
306 578 407 616 quae
446 567 672 616 torquebat,
707 567 967 612 hebet-avit33
1010 572 1187 606 omnium
1219 573 1385 606 istorum

192 627 318 674 prima
338 629 572 663 verminatio
593 632 723 673 vexat,
744 630 918 677 impetus
940 641 1049 664 mora
1076 631 1325 679 extinguitur
1344 634 1386 667 et

192 683 279 720 finis
313 684 477 722 dolendi
512 691 572 722 est
605 689 865 736 optorpuisse.
932 687 1139 733 Dentium,
1169 688 1385 734 oculorum,

192 746 345 780 aurium
383 744 495 780 dolor
531 745 582 781 ob
615 745 689 781 hoc
724 748 854 794 ipsum
887 749 1135 784 acutissimus
1170 752 1244 793 est,
1277 748 1384 797 quod

192 805 298 839 inter
311 809 481 852 angusta
498 807 668 853 corporis
684 808 870 850 nascitur,
887 818 968 841 non
982 809 1126 851 minus,
1141 806 1385 852 mehercule,

192 874 310 911 quam
341 865 480 912 capitis
509 866 654 912 ipsius;
686 863 754 900 sed
785 867 816 900 si
845 867 1045 901 incitatior
1075 870 1148 911 est,
1169 868 1210 902 in
1238 866 1383 903 aliena-

124 920 173 956 10
191 924 343 958 tionem
360 935 621 972 soporemque
638 925 893 960 convertitur.
939 923 1029 959 Hoc
1045 927 1180 974 itaque
1197 924 1384 962 solacium

192 983 291 1017 vasti
330 980 474 1018 doloris
513 987 587 1027 est,
626 981 733 1032 quod
774 995 936 1020 necesse
976 987 1037 1019 est
1075 983 1232 1020 desinas
1270 984 1383 1021 illum

192 1043 353 1086 sentire,
388 1044 418 1077 si
456 1044 573 1077 nimis
611 1044 790 1079 senseris.
864 1041 970 1078 Illud
1001 1047 1136 1079 autem
1170 1048 1244 1089 est,
1277 1044 1384 1094 quod

191 1102 395 1149 imperitos
434 1103 475 1136 in
514 1104 722 1138 vexatione
762 1104 933 1150 corporis
971 1102 1075 1138 male
1113 1102 1259 1140 habet:
1303 1117 1383 1140 non

190 1159 458 1196 adsueverunt
478 1163 610 1196 animo
631 1173 715 1197 esse
737 1163 928 1197 contenti.
990 1161 1164 1198 Multum
1190 1162 1267 1199 illis
1293 1176 1383 1200 cum

191 1232 353 1268 corpore
383 1218 469 1255 fuit.
532 1219 628 1256 Ideo
655 1222 712 1255 vir
739 1232 905 1269 magnus
932 1232 976 1255 ac
1003 1220 1178 1269 prudens
1207 1225 1382 1259 animum

191 1277 344 1315 diducit
371 1292 393 1314 a
422 1291 583 1328 corpore
611 1284 653 1315 et
672 1278 844 1315 multum
871 1292 962 1314 cum
988 1279 1151 1317 meliore
1177 1293 1222 1317 ac
1249 1281 1383 1318 divina

190 1342 302 1386 parte
332 1342 523 1382 versatur,
543 1351 634 1374 cum
663 1337 737 1374 hac
766 1337 930 1387 querula
959 1343 1000 1375 et
1029 1338 1158 1388 fragili
1188 1346 1382 1390 quantum

191 1409 353 1434 necesse
375 1402 446 1434 est.

122 1462 166 1498 11
257 1455 375 1493 “Sed
417 1456 630 1493 molestum
672 1456 769 1501 est,''
811 1459 954 1506 inquit,
993 1461 1162 1495 “carere
1206 1458 1382 1496 adsuetis

190 1515 475 1565 voluptatibus,
504 1516 704 1552 abstinere
739 1515 839 1560 cibo,
870 1518 991 1561 sitire,
1022 1517 1207 1554 esurire.''
1267 1518 1381 1556 Haec

190 1578 316 1624 prima
353 1575 597 1612 abstinentia
635 1577 767 1624 gravia
806 1579 908 1611 sunt.
987 1575 1146 1613 Deinde
1185 1577 1381 1626 cupiditas

190 1634 459 1684 relanguescit
496 1637 590 1683 ipsis
628 1647 700 1683 per
733 1635 862 1683 quae⁴
900 1636 1080 1683 cupimus
1118 1635 1297 1686 fatigatis
1335 1650 1380 1673 ac

243 1711 253 1731 ¹
278 1722 523 1754 nervorumque
547 1711 635 1743 later
658 1710 787 1747 MSS.;
811 1715 842 1742 et
864 1721 1077 1754 nervorumq.
1106 1711 1229 1750 PbV‘;
1253 1718 1282 1745 et
1307 1726 1382 1745 ner-

190 1767 309 1787 vorum
326 1754 458 1787 edition
475 1755 516 1786 of
528 1754 712 1787 Mentelin.

242 1799 256 1817 ’Ξ
278 1798 507 1841 interquiescit
530 1797 618 1830 later
642 1796 772 1833 MSS.;
804 1797 954 1829 interciet
977 1797 1069 1839 (sciet
1094 1797 1131 1840 b)
1153 1799 1214 1831 3cit
1239 1799 1313 1837 Pb;
1347 1801 1379 1832 in

190 1842 309 1874 tertiae
324 1842 449 1874 scitscit
466 1841 512 1874 V.

243 1886 256 1904 ³
279 1885 441 1918 hebetavit
458 1884 547 1916 later
564 1883 667 1918 MSS.
685 1897 694 1922 ς
715 1883 877 1916 hebetabit
893 1882 994 1916 VPb.

244 1929 257 1947 4
276 1940 341 1970 per
356 1939 441 1970 quae
458 1927 620 1960 Muretus
634 1941 642 1965 ;
665 1938 728 1970 per
743 1938 776 1959 se
792 1937 877 1969 quae
894 1925 996 1959 MSS.

242 2003 257 2016 ‘¹
283 1996 350 2029 See
383 1997 457 2029 also
492 1997 560 2039 Ep.
597 2007 672 2027 xcv.
714 1998 763 2027 17.
828 1994 903 2026 The
941 1995 1037 2027 word
1075 1996 1226 2040 literally
1257 2009 1379 2031 means

191 2045 214 2058 ‘⁵
227 2040 429 2081 maggots‚''
447 2046 469 2058 ⁸⁶
483 2039 599 2077 bots‚''
616 2041 650 2071 in
668 2039 789 2070 horses
805 2048 844 2069 or
859 2037 977 2071 cattle.

195 2094 267 2131 186
