1434 2333
423 101 537 138 THE
566 100 820 138 EPISTLES
852 101 922 137 OF
951 100 1161 138 SENECA

200 189 231 222 si
251 186 425 222 medium
448 190 618 235 spatium
638 186 882 223 transiluerit
910 192 951 223 et
972 200 1012 223 se
1039 190 1080 222 in
1099 186 1208 222 illam
1228 187 1385 224 saeculo

199 245 288 289 post
317 239 490 275 futuram
515 240 824 276 sollicitudinem
851 242 1069 283 inmiserit3
1099 240 1241 277 eodem
1267 241 1385 277 modo

198 293 255 337 fit,
289 298 335 329 ut
364 296 514 329 animos
548 293 721 330 libenter
758 307 896 343 aegros
935 298 975 330 et
1010 298 1218 342 captantes
1252 307 1385 331 causas

199 345 345 382 doloris
366 351 501 383 vetera
520 352 641 396 atque
662 348 872 384 obliterata
901 350 1151 383 contristent.
1212 347 1264 383 Et
1284 360 1385 396 quae

199 402 492 448 praeterierunt
527 406 568 437 et
602 414 703 450 quae
733 400 865 437 futura
895 406 999 446 sunt,
1029 401 1198 444 absunt;
1244 406 1386 437 neutra

200 453 422 489 sentimus.1
481 454 571 490 Non
599 459 660 491 est
685 459 820 491 autem
848 457 922 490 nisi
949 467 997 490 ex
1018 467 1078 499 eo,
1099 454 1205 503 quod
1226 457 1387 500 sentias,

201 506 321 543 dolor.
381 507 499 543 VALE.

718 692 875 728 LXXV.

467 792 620 830 SENECA
652 793 811 830 LVCILIO
841 807 907 831 svo
937 808 1109 832 SALVTEM

163 895 180 930 1
271 895 404 931 Minus
427 895 500 931 tibi
520 900 721 932 accuratas
741 909 763 932 a
782 909 846 932 me
868 897 1057 945 epistulas
1073 900 1180 934 mitti
1200 901 1386 947 quereris.

203 947 301 993 Quis
336 951 441 984 enim
475 954 658 985 accurate
696 949 883 998 loquitur,
918 953 991 986 nisi
1030 954 1097 1000 qui
1130 951 1216 987 vult
1250 951 1389 1000 putide

202 1001 338 1051 loqui?
397 1001 533 1047 Qualis
561 1015 688 1039 sermo
718 1016 829 1039 meus
856 1009 974 1049 esset,
995 1007 1026 1039 si
1056 1017 1133 1040 una
1162 1005 1389 1041 sederemus

201 1060 270 1091 aut
308 1055 612 1101 ambularemus,
646 1056 888 1093 inlaboratus
923 1062 965 1094 et
999 1057 1135 1103 facilis,
1170 1058 1269 1095 tales
1304 1071 1389 1095 esse

202 1108 391 1157 epistulas
412 1122 518 1146 meas
538 1110 638 1154 volo,
655 1122 755 1159 quae
772 1110 871 1146 nihil
892 1110 1042 1147 habent
1061 1114 1295 1148 accersitum
1315 1125 1389 1148 nec

161 1161 182 1196 2
202 1161 347 1199 fictum.
426 1162 465 1199 Si
504 1163 586 1199 fieri
629 1168 776 1212 posset,
815 1164 909 1212 quid
957 1167 1138 1210 sentiam,
1177 1165 1388 1202 ostendere

201 1228 319 1264 quain
366 1215 473 1265 loqui
520 1216 691 1253 mallem.
769 1217 901 1253 Etiam
949 1221 979 1254 si
1017 1218 1275 1267 disputarem,
1314 1232 1388 1256 nec

201 1269 480 1318 supploderem
520 1270 665 1318 pedem
699 1283 773 1306 nec
806 1284 967 1306 manuni
1001 1274 1189 1308 iactarem
1222 1285 1296 1309 nec
1330 1278 1388 1309 at-

200 1322 385 1359 tollerem
431 1336 582 1368 vocem,
624 1323 694 1359 sed
741 1326 816 1360 ista
863 1325 1081 1361 oratoribus
1128 1325 1388 1375 reliquissem,

202 1381 414 1412 contentus
449 1389 585 1413 sensus
618 1389 728 1413 meos
761 1377 811 1413 ad
846 1382 886 1414 te
925 1378 1149 1426 pertulisse,
1183 1392 1279 1428 quos
1313 1393 1387 1416 nec

161 1433 182 1468 3
202 1442 452 1466 exornassem
482 1443 556 1466 nec
585 1431 826 1467 abiecissem.
887 1431 976 1467 Hoc
1010 1445 1134 1468 unum
1167 1432 1284 1481 plane
1315 1433 1388 1469 tibi

199 1482 417 1531 adprobare
465 1483 631 1519 vellem:
679 1487 809 1520 omnia
857 1498 919 1521 me
966 1485 1033 1520 illa
1080 1489 1240 1531 sentire,
1288 1500 1388 1536 quae

201 1536 387 1581 dicerem,
427 1550 500 1572 nec
548 1542 706 1573 tantum
749 1540 910 1583 sentire,
949 1539 1019 1574 sed
1057 1552 1198 1576 amare.
1258 1540 1388 1577 Aliter

201 1589 381 1626 homines
402 1593 580 1635 amicam,
601 1590 717 1627 aliter
743 1590 886 1628 liberos
913 1591 1161 1636 osculantur;
1191 1598 1326 1629 tamen
1346 1597 1386 1629 in

200 1642 274 1679 hoc
308 1656 465 1693 quoque
496 1644 680 1693 amplexu
715 1649 796 1680 tam
824 1649 959 1681 sancto
989 1650 1030 1682 et
1060 1646 1264 1682 moderato
1294 1650 1386 1683 satis

199 1702 365 1745 apparet
384 1697 575 1733 adfectus.

306 1765 315 1784 ¹
339 1766 500 1797 sentimus
516 1765 604 1798 later
621 1765 724 1799 MSS.
741 1780 750 1803 ;
773 1768 959 1798 sentiamus
977 1767 1050 1803 Pb;
1073 1768 1214 1800 sentiam
1234 1768 1278 1800 V.

253 1841 266 1854 ‘¹
293 1834 361 1866 For
380 1835 543 1876 putidum
565 1834 658 1875 (that
682 1835 795 1867 which
819 1835 955 1867 offends
979 1835 1040 1867 the
1063 1838 1168 1873 taste‚
1194 1837 1246 1869 zle.
1273 1838 1302 1868 is
1325 1840 1386 1868 too

200 1876 395 1919 artificially
425 1878 563 1916 formal)
597 1888 655 1909 see
686 1877 757 1911 Cic.
789 1878 840 1910 De
869 1878 964 1910 Orat.
996 1880 1041 1910 iii.
1071 1882 1109 1910 41
1136 1880 1214 1911 nolo
1242 1880 1386 1922 erprimi

200 1920 333 1951 litteras
344 1921 515 1962 putidius,
537 1922 612 1952 nolo
629 1921 804 1953 obscurari
820 1921 1054 1963 ozegyleyentius.

253 1964 264 1983 ὓ
291 1964 342 2005 Cf.
370 1964 437 2005 Ep.
462 1964 554 1996 lxvii.
580 1966 599 1995 2
621 1965 651 1996 si
673 1965 810 2006 quando
832 1965 1086 1996 intervenerunt
1109 1965 1272 2007 epistulae
1295 1969 1384 2003 tuae,

200 2010 304 2037 tecum
323 2018 387 2038 esse
406 2007 487 2039 mihi
503 2007 630 2044 videor,
649 2010 715 2040 etc.

205 2056 277 2093 136
