1434 2333
400 85 516 122 THE
546 85 803 122 EPISTLES
836 84 907 122 OF
936 84 1148 123 SENECA

173 174 320 224 ubique
347 174 558 219 horrenda,
579 187 669 211 cum
695 173 746 210 ad
773 174 880 211 hunc
904 186 1137 224 pervenere,
1157 179 1366 211 mansueta

172 244 277 276 sunt.
336 239 454 275 VALE.

654 403 878 441 LXXXVI.

451 506 605 543 SENECA
637 507 797 544 LVCILIO
827 521 894 544 svo
923 520 1095 544 SALVTEM

132 600 148 635 1
225 595 288 647 [In
327 598 411 645 ipsa
449 595 644 645 Scipionis
674 595 851 632 Africani
882 596 973 632 villa
1002 599 1134 633 iacens
1162 595 1261 632 haec
1290 596 1363 632 tibi

171 661 299 698 scribo
319 660 491 697 adoratis
512 661 695 697 manibus
716 664 800 698 eius
817 667 859 698 et
879 675 958 707 ara,
974 675 1091 711 quam
1109 661 1363 711 sepulchrum

171 740 257 764 esse
286 730 390 764 tanti
420 729 491 763 viri
529 730 715 776 suspicor.
775 728 965 764 Animum
1004 727 1166 777 quidem
1206 730 1289 764 eius
1323 730 1363 763 in

171 792 340 838 caelum,
358 805 405 829 ex
422 805 500 842 quo
521 798 620 838 erat,
636 793 785 830 redisse
806 793 1027 842 persuadeo
1047 792 1158 838 mihi,
1174 806 1256 829 non
1272 796 1363 842 quia

171 871 335 907 magnos
356 860 554 894 exercitus
578 857 706 903 duxit,
727 858 798 894 hos
820 861 926 895 enim
948 863 989 895 et
1011 858 1224 908 Cambyses
1244 857 1363 894 furio-

171 937 235 960 sus
261 923 464 972 aejfurore
492 922 664 960 feliciter
690 936 783 960 usus
810 923 965 969 habuit,
985 923 1056 960 sed
1083 924 1134 960 ob
1160 927 1362 973 egregiam

171 989 487 1026 moderationem
514 991 804 1039 pietatemque,
830 1002 949 1039 quam
978 992 1104 1038 magis
1133 992 1173 1025 in
1200 989 1268 1026 illo
1294 989 1362 1026 ad-

170 1054 392 1091 mirabilem
425 1053 570 1099 iudico,
600 1067 690 1091 cum
719 1054 880 1104 reliquit
915 1058 1096 1104 patriam,
1125 1068 1243 1104 quam
1273 1068 1362 1092 cum

170 1119 379 1163 defendit;
409 1124 479 1156 aut
506 1118 639 1169 Scipio
658 1119 806 1156 Romae
834 1133 919 1157 esse
947 1119 1123 1157 debebat
1149 1125 1217 1156 aut
1241 1120 1363 1157 Roma

129 1192 150 1227 2
170 1189 210 1222 in
226 1185 424 1222 libertate.
475 1189 499 1206 ‘⁶
514 1185 662 1231 Nihil,”
681 1188 824 1235 inquit,
840 1189 864 1206 “
877 1185 966 1222 volo
982 1185 1173 1235 derogare
1194 1185 1363 1235 legibus,

170 1250 270 1286 nihil
294 1253 499 1287 institutis
560 1250 746 1300 Aequum
774 1253 880 1287 inter
908 1263 1046 1288 omnes
1076 1254 1180 1288 cives
1210 1255 1269 1288 ius
1299 1255 1360 1289 sit.

173 1316 299 1353 Utere
334 1319 418 1352 sine
452 1328 516 1352 me
550 1315 744 1352 beneficio
778 1329 880 1361 meo,
915 1319 1053 1365 patria.
1127 1316 1251 1353 Causa
1289 1318 1362 1354 tibi

170 1381 367 1418 libertatis
388 1380 458 1426 fui,
475 1393 542 1417 ero
563 1385 604 1417 et
624 1385 906 1429 argumentum
923 1394 931 1425 ;
962 1394 1075 1427 exeo,
1091 1384 1122 1418 si
1139 1381 1227 1431 plus
1243 1395 1362 1431 quam

170 1447 244 1483 tibi
266 1446 443 1496 expedit,
464 1446 607 1482 crevi.‘’

129 1520 151 1555 3
239 1512 391 1558 Quidni
430 1524 504 1560 ego
543 1511 716 1548 admirer
747 1511 849 1548 hanc
878 1513 1199 1561 magnitudinem
1227 1518 1362 1560 animi,

171 1592 249 1628 qua
287 1581 328 1614 in
367 1577 530 1614 exilium
569 1577 835 1613 voluntarium
875 1581 1038 1615 secessit
1077 1584 1119 1615 et
1158 1582 1361 1617 civitatem

171 1643 430 1681 exoneravit?
488 1642 546 1677 Eo
580 1642 775 1691 perducta
803 1655 864 1679 res
900 1648 998 1688 erat,
1028 1649 1073 1680 ut
1101 1649 1170 1681 aut
1199 1645 1361 1682 libertas

171 1709 347 1758 Scipioni
373 1712 443 1744 aut
469 1706 602 1756 Scipio
627 1707 803 1744 libertati
825 1707 975 1745 faceret
1000 1711 1193 1746 iniuriam.
1254 1711 1361 1748 Neu-

172 1781 277 1812 trum
306 1773 363 1810 fas
394 1778 489 1810 erat.
554 1772 696 1822 Itaque
726 1772 855 1809 locum
891 1773 1006 1810 dedit
1045 1774 1201 1824 legibus
1240 1782 1281 1813 et
1319 1790 1361 1814 se

223 1877 236 1890 ‘³
262 1868 329 1901 See
347 1868 414 1910 Ep.
435 1867 468 1899 li.
490 1870 540 1899 ll.

223 1914 235 1933 ζ’
262 1913 313 1955 Cf.
344 1911 433 1953 Livy
450 1911 589 1942 xxxviii.
611 1912 651 1941 53
669 1910 863 1942 morientem
886 1922 967 1943 ‘rure
988 1922 1023 1943 eo
1047 1912 1119 1954 ipso
1139 1914 1209 1946 Ioco
1227 1915 1364 1957 sepeliri

168 1969 201 1988 se
219 1955 483 1997 1'1133issefer1171l
503 1958 821 1996 monumentumque
838 1954 882 1985 ihi
898 1955 1084 1996 aedificari.

222 2008 233 2019 ι’
259 1998 463 2030 Herodotus
481 1999 525 2029 iii.
548 1999 587 2028 -25
605 1999 743 2035 ἐμμανής
759 2010 793 2028 τε
809 2000 867 2028 ἐὼν
885 2000 934 2029 καὶ
952 2000 985 2029 οὐ
1003 2001 1165 2040 φρενήρης.

171 2058 247 2089 310

1432 0 1434 20 ι

1432 47 1434 69 l

1432 146 1434 176 4
