1434 2333
391 109 507 145 THE
537 108 791 145 EPISTLES
823 107 893 145 OF
922 106 1133 145 SENECA

170 199 276 233 inter
309 209 350 233 se
381 196 586 232 dissident.
646 195 798 232 Demus
827 195 905 232 illis
936 196 1158 232 Homerum
1188 194 1359 244 philoso—

170 255 294 304 phum
328 254 472 297 fuisse;
509 267 655 303 nempe
685 257 842 303 sapiens
876 254 1003 291 factus
1037 259 1111 300 est,
1144 258 1359 303 antequam

171 316 343 350 carmina
369 313 449 350 ulla
473 318 740 362 cognosceret.
800 313 906 363 Ergo
934 313 1002 350 illa
1030 313 1238 358 discamus,
1259 325 1360 362 quae

173 372 396 408 Homerum
417 372 548 409 fecere
569 375 802 422 sapientem.

131 441 151 477 6
241 432 330 467 Hoc
350 431 512 481 quidem
533 445 596 469 me
612 445 816 482 quaerere,
833 436 923 468 uter
941 435 1064 468 maior
1078 436 1211 469 aetate
1227 430 1362 476 fuerit,

175 491 375 527 Homerus
404 504 455 527 an
487 491 702 537 Hesiodus,
728 504 809 528 non
837 494 963 541 magis
991 491 1041 528 ad
1071 504 1155 528 rem
1185 492 1362 540 pertinet

173 563 292 600 quam
312 552 424 595 scire,
445 563 535 586 cum
556 553 684 586 minor
705 550 875 587 Hecuba
895 550 1016 587 fuerit
1042 563 1161 599 quam
1189 549 1363 594 Helena,

174 622 295 659 quare
328 614 411 646 tam
440 609 543 646 male
572 610 712 647 tulerit
740 615 926 646 aetatem.
987 608 1125 655 Quid?
1182 609 1363 658 Inquam,

174 681 298 705 annos
320 668 490 705 Patrocli
511 673 553 705 et
575 668 741 705 Achillis
762 672 960 718 inquirere
981 668 1030 705 ad
1055 682 1139 705 rem
1163 671 1364 704 existimas

133 734 154 772 7
176 728 406 777 pertinere?
477 727 657 773 Quaeris,
696 728 832 765 Vlixes
879 728 946 764 ubi
994 730 1195 772 erraverit,
1234 729 1366 776 potius

175 799 294 836 quam
324 786 480 832 efficias,
506 799 557 823 ne
586 800 657 823 nos
688 799 844 836 semper
873 787 1075 823 erremus?
1133 786 1224 822 Non
1253 790 1367 822 vacat

175 845 324 891 audire,
345 851 479 882 utrum
500 848 605 882 inter
626 845 782 882 Italiam
804 851 845 882 et
865 845 1037 882 Siciliam
1058 848 1226 881 iactatus
1247 847 1298 881 sit
1317 857 1368 880 an

177 910 288 941 extra
308 910 448 941 notum
469 905 583 941 nobis
603 906 752 950 orbem,
773 917 905 955 neque
929 907 1035 941 enim
1063 907 1195 954 potuit
1217 906 1258 940 in
1285 908 1367 940 tam

176 969 346 1013 angusto
385 977 491 1000 error
529 977 615 1001 esse
658 969 740 1000 tam
782 964 949 1014 longus;
996 968 1259 1013 tempestates
1297 975 1368 998 nos

177 1026 298 1059 animi
320 1023 466 1059 cotidie
487 1026 636 1060 iactant
657 1029 699 1060 et
714 1026 894 1072 nequitia
909 1026 947 1059 in
971 1026 1102 1059 omnia
1122 1022 1246 1059 Vlixis
1266 1021 1369 1058 mala

178 1082 346 1131 inpellit.
420 1082 511 1118 Non
545 1082 660 1119 deest
694 1082 832 1128 forma,
861 1096 962 1132 quae
1002 1082 1189 1119 sollicitet
1223 1081 1369 1127 oculos,

178 1155 258 1178 non
290 1141 438 1185 hostis3
479 1141 572 1178 hinc
606 1147 781 1179 monstra
812 1141 929 1178 effera
959 1147 1001 1178 et
1029 1141 1204 1178 humano
1233 1153 1369 1178 cruore

180 1200 410 1250 gaudentia,
436 1200 528 1237 hinc
558 1201 743 1237 insidiosa
773 1200 1048 1237 blandimenta
1078 1203 1244 1245 aurium,
1276 1200 1369 1236 hinc

180 1259 386 1309 naufragia
405 1265 447 1296 et
468 1265 529 1296 tot
551 1262 762 1296 varietates
789 1259 993 1296 malorum.
1056 1260 1145 1295 Hoc
1169 1272 1233 1296 me
1257 1259 1369 1304 doce,

180 1319 378 1368 quomodo
399 1321 566 1368 patriam
590 1332 733 1364 amem,
753 1318 952 1368 quomodo
976 1332 1152 1363 uxorem,
1173 1318 1370 1368 quomodo

182 1383 349 1427 patrem,
370 1378 568 1427 quomodo
589 1378 638 1414 ad
659 1377 757 1414 haec
779 1383 861 1414 tam
881 1377 1050 1415 honesta
1073 1378 1137 1414 vel
1157 1377 1371 1427 naufragus

140 1445 162 1481 8
181 1440 376 1486 navigem.
437 1436 545 1483 Quid
565 1440 742 1487 inquiris,
760 1451 810 1473 an
832 1437 1032 1486 Penelopa
1048 1436 1191 1486 pudica
1204 1437 1216 1460 ¹
1239 1436 1372 1482 fuerit,

182 1509 233 1532 an
266 1496 386 1533 verba
420 1496 576 1533 saeculo
610 1510 678 1533 suo
717 1496 905 1533 dederit?
964 1497 1025 1532 An
1066 1496 1223 1533 Vlixem
1261 1495 1372 1532 illum

185 1568 283 1601 esse,
308 1568 426 1605 quem
456 1555 631 1601 videbat,
661 1561 876 1606 antequam
906 1559 1038 1601 sciret,
1068 1558 1264 1605 suspicata
1294 1556 1374 1591 sit?

421 1640 430 1659 ¹
451 1641 582 1683 pudica
598 1640 687 1673 later
704 1639 806 1673 MSS.
828 1653 835 1680 3
860 1640 1026 1684 inpudica
1043 1640 1140 1672 VPb.

235 1779 251 1793 ἰ
273 1771 455 1805 Summers
468 1783 651 1814 compares
666 1772 813 1810 Lucian,
831 1772 918 1804 Gall.
939 1774 988 1804 17.
1037 1771 1184 1808 Seneca,
1200 1771 1373 1809 however,

185 1815 270 1848 does
287 1818 350 1848 not
365 1815 450 1848 take
467 1815 554 1848 such
570 1817 691 1858 gossip
708 1815 891 1857 seriously.

238 1860 250 1879 ⁶
273 1858 357 1891 This
383 1862 550 1891 sentence
577 1859 710 1891 alludes
734 1862 771 1891 to
795 1858 962 1901 Calypso,
988 1858 1099 1895 Circe,
1124 1858 1185 1890 the
1209 1857 1374 1901 Cyclops,

186 1902 257 1934 and
273 1902 334 1934 the
351 1901 482 1935 Sirens.

238 1951 250 1965 ⁰
274 1945 541 1977 Unfavourable
562 1948 741 1978 comment
765 1946 813 1987 by
837 1944 1063 1988 Lycophron,
1081 1945 1152 1977 and
1175 1945 1224 1987 by
1240 1945 1374 1983 Cicero,

186 1988 247 2062 Det
260 1988 346 2070 Nat),
367 1988 470 2022 Deor.
493 1990 538 2022 iii.
562 1991 602 2021 22
626 1989 850 2031 (sslercurius)
874 1999 911 2020 ez·
933 1999 998 2031 quo
1021 1993 1051 2020 et
1075 1988 1249 2031 Penelopa
1274 1988 1377 2020 Pana-

187 2042 231 2062 πα
252 2042 308 2063 um
342 2037 453 2064 erunt.

190 2088 267 2120 352
