1434 2333
415 112 530 148 THE
560 107 816 147 EPISTLES
846 107 919 146 OF
948 107 1159 146 SENECA

190 201 385 251 deposuit.
446 199 503 235 Hi
530 197 647 248 paulo
673 196 824 234 tardius
851 202 1032 246 surgunt,
1061 196 1132 233 sed
1160 209 1250 233 cum
1277 201 1377 233 tam-

191 276 308 314 quam
347 276 369 298 a
415 261 554 310 planta
591 261 868 309 processerint,
907 258 1007 295 nihil
1052 258 1203 295 habent
1249 261 1292 295 in
1339 271 1380 295 se

191 324 445 361 abhorridum
464 327 534 360 aut
554 324 679 359 triste.

122 384 170 421 20
260 385 365 423 Illud
379 388 608 423 etiamnunc
622 384 717 430 vidi,
731 386 855 421 vitem
869 396 917 420 ex
932 384 1093 420 arbusto
1109 396 1179 421 suo
1191 396 1380 420 annosam

191 448 418 492 transferri;
448 447 564 484 huius
585 447 865 496 capillamenta
885 459 1057 496 quoque,
1077 449 1109 483 si
1135 446 1218 484 fieri
1234 452 1382 497 potest,

191 510 417 561 colligenda
446 515 552 553 sunt,
576 509 724 546 deinde
750 508 951 546 liberalius
978 509 1193 546 sternenda
1214 512 1317 555 vitis,
1337 514 1383 546 ut

191 576 312 612 etiam
326 586 374 610 ex
388 585 549 622 corpore
563 571 790 609 radieescat.
824 571 876 608 Et
889 570 969 608 vidi
982 584 1062 608 non
1074 576 1233 608 tantum
1245 584 1383 609 mense

193 635 406 673 Februario
422 637 582 685 positas,
599 633 669 670 sed
686 636 807 670 etiam
826 634 972 670 Martio
988 638 1128 670 exacto
1144 647 1152 678 ;
1181 639 1326 671 tenent
1342 639 1384 671 et

121 703 165 739 21
191 698 409 747 conplexae
431 702 524 733 sunt
544 710 624 733 non
645 709 734 733 suas
754 696 893 733 ulmos.
953 696 1105 733 Omnes
1129 701 1265 734 autem
1289 699 1383 734 istas

190 761 362 805 arbores,
375 772 490 809 quae,
499 764 543 795 ut
556 762 613 795 ita
625 759 768 804 dicam,
781 758 1079 808 grandiscapiae
1093 763 1199 804 sunt,
1212 761 1269 796 ait
1283 772 1384 809 aqua

190 822 433 859 adiuvandas
481 823 708 866 eisternina,
752 833 853 871 quae
896 824 927 857 si
970 821 1146 870 prodest,
1190 821 1383 858 habemus

190 886 364 935 pluviam
384 887 425 921 in
445 889 579 920 nostra
599 887 812 933 potestate.

260 947 376 984 Plura
408 952 451 984 te
480 946 623 983 docere
662 959 742 982 non
780 948 926 995 cogito,
956 958 1008 982 ne
1046 945 1383 996 quemadmodum

193 1009 384 1060 Aegialus
404 1022 469 1045 me
497 1009 570 1045 sibi
596 1007 864 1045 adversarium
891 1010 1056 1057 paravit,
1078 1011 1132 1044 sic
1153 1021 1229 1058 ego
1249 1021 1384 1058 parem

193 1078 234 1109 te
255 1071 364 1109 mihi.
423 1071 543 1107 VALE.

672 1237 917 1276 LXXXVII.

469 1333 623 1370 SENECA
655 1333 815 1370 LVCILlo
845 1347 911 1370 svo
941 1347 1112 1372 SALVTEM

153 1413 171 1450 1
265 1412 538 1462 Naufragium,
558 1417 773 1462 antequam
801 1426 943 1449 navem
971 1413 1271 1461 adscenderem,
1298 1415 1385 1453 feci.

197 1475 408 1522 Quomodo
428 1474 631 1519 acciderit,
651 1487 731 1510 non
752 1474 893 1520 adicio,
916 1488 967 1512 ne
989 1481 1030 1512 et
1051 1475 1126 1513 hoc
1147 1482 1264 1526 putes
1283 1480 1391 1516 inter

197 1539 330 1577 Stoica
350 1536 546 1587 paradoxa
567 1536 811 1586 ponendum,
833 1550 1001 1586 quorum
1027 1538 1183 1575 nullum
1211 1552 1296 1577 esse
1317 1540 1389 1577 fal—

197 1614 283 1637 sum
302 1612 377 1636 nec
398 1603 480 1635 tam
500 1597 680 1634 mirabile
701 1611 819 1648 quam
840 1602 966 1648 prima
987 1599 1087 1637 faeie
1108 1601 1278 1647 videtur,
1299 1615 1387 1639 cum

196 1662 379 1707 volueris,
395 1660 634 1710 adprobabo,
651 1663 771 1696 immo
793 1663 913 1698 etiam
931 1664 961 1698 si
978 1662 1161 1699 nolueris.
1222 1664 1390 1702 Interim

197 1725 272 1761 hoc
301 1736 365 1760 me
394 1725 472 1759 iter
500 1722 648 1767 docuit,
678 1735 797 1771 quam
831 1723 957 1759 multa
987 1723 1223 1762 haberemus
1253 1739 1388 1776 super-

196 1800 318 1823 vacua
356 1790 397 1822 et
436 1797 555 1834 quam
593 1783 707 1819 facile
746 1784 892 1820 iudicio
930 1798 1134 1834 possemus
1173 1787 1388 1837 deponere,

249 1905 263 1918 ‘⁴
287 1898 345 1930 An
362 1895 591 1937 agricultural
607 1897 698 1926 term
719 1898 781 1927 not
801 1895 990 1928 elsewhere
1012 1898 1132 1930 found.

249 1942 261 1961 ὗ
284 1942 354 1977 i.e.‚
373 1950 417 1972 on
439 1949 499 1980 my
512 1939 664 1981 journey
688 1938 703 1970 1
730 1939 899 1971 travelled
924 1939 1006 1972 with
1032 1941 1161 1974 almost
1185 1953 1223 1974 as
1248 1953 1390 1984 meagre

196 1995 240 2016 an
258 1985 464 2026 equipment
480 1992 519 2014 as
536 1992 556 2013 a
573 1981 819 2023 shipwrecked
836 1993 930 2016 man.

248 2034 260 2047 ⁶
285 2027 337 2068 Cf.
359 2026 426 2068 Ep.
448 2025 551 2057 lxxxi.
575 2027 611 2056 ll
629 2025 700 2056 and
716 2028 809 2058 note.

198 2084 273 2116 322
