<?xml version="1.0" encoding="UTF-8"?>
<!DOCTYPE html PUBLIC "-//W3C//DTD XHTML 1.0 Transitional//EN"
    "http://www.w3.org/TR/xhtml1/DTD/xhtml1-transitional.dtd">
<html xmlns="http://www.w3.org/1999/xhtml" xml:lang="en" lang="en">
 <head>
  <title>
</title>
<meta http-equiv="Content-Type" content="text/html;charset=utf-8" />
  <meta name='ocr-system' content='tesseract 3.04.00' />
  <meta name='ocr-capabilities' content='ocr_page ocr_carea ocr_par ocr_line ocrx_word'/>
</head>
<body>
  <div class='ocr_page' id='page_1' title='image "adlucilium02sene_0354.png"; bbox 0 0 1434 2333; ppageno 0'>
   <div class='ocr_carea' id='block_1_1' title="bbox 393 131 1139 171">
    <p class='ocr_par' dir='ltr' id='par_1_1' title="bbox 393 131 1139 171">
     <span class='ocr_line' id='line_1_1' title="bbox 393 131 1139 171; baseline -0.004 0"><span class='ocrx_word' id='word_1_1' title='bbox 393 134 509 171; x_wconf 92' lang='lat' dir='ltr'>THE</span> <span class='ocrx_word' id='word_1_2' title='bbox 539 131 795 170; x_wconf 89' lang='lat' dir='ltr'>EPISTLES</span> <span class='ocrx_word' id='word_1_3' title='bbox 826 132 897 169; x_wconf 92' lang='lat' dir='ltr'>OF</span> <span class='ocrx_word' id='word_1_4' title='bbox 927 131 1139 169; x_wconf 90' lang='lat' dir='ltr'><strong>SENECA</strong></span> 
     </span>
    </p>
   </div>
   <div class='ocr_carea' id='block_1_2' title="bbox 91 219 1371 1891">
    <p class='ocr_par' dir='ltr' id='par_1_2' title="bbox 91 219 1371 1891">
     <span class='ocr_line' id='line_1_2' title="bbox 171 219 1363 267; baseline -0.003 -7"><span class='ocrx_word' id='word_1_5' title='bbox 171 226 292 261; x_wconf 90' lang='lat' dir='ltr'>animi</span> <span class='ocrx_word' id='word_1_6' title='bbox 313 223 424 267; x_wconf 88' lang='lat' dir='ltr'>dant,</span> <span class='ocrx_word' id='word_1_7' title='bbox 445 221 607 259; x_wconf 82' lang='lat' dir='ltr'>divitiae</span> <span class='ocrx_word' id='word_1_8' title='bbox 633 221 897 258; x_wconf 82' lang='lat' dir='ltr'>insolentiam.</span> <span class='ocrx_word' id='word_1_9' title='bbox 958 220 1067 257; x_wconf 91' lang='lat' dir='ltr'>Nihil</span> <span class='ocrx_word' id='word_1_10' title='bbox 1094 225 1229 257; x_wconf 88' lang='lat' dir='ltr'>autem</span> <span class='ocrx_word' id='word_1_11' title='bbox 1255 219 1363 257; x_wconf 88' lang='lat' dir='ltr'>aliud</span> 
     </span>
     <span class='ocr_line' id='line_1_3' title="bbox 173 296 1214 348; baseline -0.004 -11"><span class='ocrx_word' id='word_1_12' title='bbox 173 306 233 337; x_wconf 86' lang='lat' dir='ltr'>est</span> <span class='ocrx_word' id='word_1_13' title='bbox 254 299 466 336; x_wconf 79' lang='lat' dir='ltr'>insolentia</span> <span class='ocrx_word' id='word_1_14' title='bbox 486 312 604 348; x_wconf 89' lang='lat' dir='ltr'>quam</span> <span class='ocrx_word' id='word_1_15' title='bbox 626 301 778 348; x_wconf 86' lang='lat' dir='ltr'>species</span> <span class='ocrx_word' id='word_1_16' title='bbox 798 297 1086 348; x_wconf 83' lang='lat' dir='ltr'>magnitudinis</span> <span class='ocrx_word' id='word_1_17' title='bbox 1107 296 1214 333; x_wconf 88' lang='lat' dir='ltr'>falsa.</span> 
     </span>
     <span class='ocr_line' id='line_1_4' title="bbox 103 373 1364 424; baseline -0.002 -12"><span class='ocrx_word' id='word_1_18' title='bbox 103 381 152 418; x_wconf 90' lang='lat'>33</span> <span class='ocrx_word' id='word_1_19' title='bbox 240 375 361 412; x_wconf 87' lang='lat' dir='ltr'>“Isto</span> <span class='ocrx_word' id='word_1_20' title='bbox 381 375 537 421; x_wconf 85' lang='lat' dir='ltr'>modo,&#39;’</span> <span class='ocrx_word' id='word_1_21' title='bbox 560 378 704 424; x_wconf 88' lang='lat' dir='ltr'>inquit,</span> <span class='ocrx_word' id='word_1_22' title='bbox 725 379 750 396; x_wconf 61' lang='lat'>‘¹</span> <span class='ocrx_word' id='word_1_23' title='bbox 763 377 885 411; x_wconf 88' lang='lat' dir='ltr'>etiam</span> <span class='ocrx_word' id='word_1_24' title='bbox 900 373 1049 411; x_wconf 86' lang='lat' dir='ltr'>malum</span> <span class='ocrx_word' id='word_1_25' title='bbox 1074 378 1167 410; x_wconf 88' lang='lat' dir='ltr'>sunt</span> <span class='ocrx_word' id='word_1_26' title='bbox 1187 373 1364 418; x_wconf 81' lang='lat' dir='ltr'>divitiae,</span> 
     </span>
     <span class='ocr_line' id='line_1_5' title="bbox 91 435 1364 496; baseline -0.002 -8"><span class='ocrx_word' id='word_1_27' title='bbox 91 435 94 437; x_wconf 89' lang='lat'>-</span> <span class='ocrx_word' id='word_1_28' title='bbox 173 466 253 489; x_wconf 91' lang='lat' dir='ltr'>non</span> <span class='ocrx_word' id='word_1_29' title='bbox 282 458 442 489; x_wconf 87' lang='lat' dir='ltr'>tantum</span> <span class='ocrx_word' id='word_1_30' title='bbox 476 453 624 488; x_wconf 88' lang='lat' dir='ltr'>bonum</span> <span class='ocrx_word' id='word_1_31' title='bbox 659 465 738 488; x_wconf 91' lang='lat' dir='ltr'>non</span> <span class='ocrx_word' id='word_1_32' title='bbox 774 451 903 489; x_wconf 88' lang='lat' dir='ltr'>sunt.’&#39;</span> <span class='ocrx_word' id='word_1_33' title='bbox 962 451 1109 488; x_wconf 84' lang='lat' dir='ltr'>Essent</span> <span class='ocrx_word' id='word_1_34' title='bbox 1141 451 1303 496; x_wconf 90' lang='lat' dir='ltr'>malum,</span> <span class='ocrx_word' id='word_1_35' title='bbox 1333 454 1364 487; x_wconf 92' lang='lat' dir='ltr'>si</span> 
     </span>
     <span class='ocr_line' id='line_1_6' title="bbox 173 528 1364 579; baseline -0.002 -14"><span class='ocrx_word' id='word_1_36' title='bbox 173 533 281 579; x_wconf 82' lang='lat' dir='ltr'>ipsae</span> <span class='ocrx_word' id='word_1_37' title='bbox 308 535 513 575; x_wconf 82' lang='lat' dir='ltr'>nocerent,</span> <span class='ocrx_word' id='word_1_38' title='bbox 534 532 579 575; x_wconf 89' lang='lat' dir='ltr'>si,</span> <span class='ocrx_word' id='word_1_39' title='bbox 600 534 645 566; x_wconf 90' lang='lat' dir='ltr'>ut</span> <span class='ocrx_word' id='word_1_40' title='bbox 670 529 765 574; x_wconf 84' lang='lat' dir='ltr'>dixi,</span> <span class='ocrx_word' id='word_1_41' title='bbox 786 528 982 566; x_wconf 88' lang='lat' dir='ltr'>haberent</span> <span class='ocrx_word' id='word_1_42' title='bbox 1009 528 1248 565; x_wconf 88' lang='lat' dir='ltr'>efficientem</span> <span class='ocrx_word' id='word_1_43' title='bbox 1274 541 1364 563; x_wconf 90' lang='lat' dir='ltr'>cau-</span> 
     </span>
     <span class='ocr_line' id='line_1_7' title="bbox 174 605 1365 656; baseline -0.003 -13"><span class='ocrx_word' id='word_1_44' title='bbox 174 620 280 651; x_wconf 81' lang='lat' dir='ltr'>sam3</span> <span class='ocrx_word' id='word_1_45' title='bbox 309 620 415 643; x_wconf 89' lang='lat' dir='ltr'>nunc</span> <span class='ocrx_word' id='word_1_46' title='bbox 436 605 747 656; x_wconf 85' lang='lat' dir='ltr'>praecedentem</span> <span class='ocrx_word' id='word_1_47' title='bbox 768 606 920 642; x_wconf 88' lang='lat' dir='ltr'>habent</span> <span class='ocrx_word' id='word_1_48' title='bbox 941 611 982 643; x_wconf 92' lang='lat' dir='ltr'>et</span> <span class='ocrx_word' id='word_1_49' title='bbox 999 605 1161 655; x_wconf 90' lang='lat' dir='ltr'>quidem</span> <span class='ocrx_word' id='word_1_50' title='bbox 1177 618 1257 641; x_wconf 91' lang='lat' dir='ltr'>non</span> <span class='ocrx_word' id='word_1_51' title='bbox 1272 607 1365 641; x_wconf 85' lang='lat' dir='ltr'>inri-</span> 
     </span>
     <span class='ocr_line' id='line_1_8' title="bbox 174 681 1366 732; baseline -0.003 -11"><span class='ocrx_word' id='word_1_52' title='bbox 174 689 328 722; x_wconf 81' lang='lat' dir='ltr'>tantem</span> <span class='ocrx_word' id='word_1_53' title='bbox 357 690 516 721; x_wconf 88' lang='lat' dir='ltr'>tantum</span> <span class='ocrx_word' id='word_1_54' title='bbox 542 687 706 730; x_wconf 87' lang='lat' dir='ltr'>animos,</span> <span class='ocrx_word' id='word_1_55' title='bbox 734 683 804 721; x_wconf 87' lang='lat' dir='ltr'>sed</span> <span class='ocrx_word' id='word_1_56' title='bbox 831 683 1122 720; x_wconf 87' lang='lat' dir='ltr'>adtrahentem.</span> <span class='ocrx_word' id='word_1_57' title='bbox 1181 681 1366 732; x_wconf 88' lang='lat' dir='ltr'>Speciem</span> 
     </span>
     <span class='ocr_line' id='line_1_9' title="bbox 176 759 1366 810; baseline -0.002 -12"><span class='ocrx_word' id='word_1_58' title='bbox 176 765 283 799; x_wconf 90' lang='lat' dir='ltr'>enim</span> <span class='ocrx_word' id='word_1_59' title='bbox 303 763 397 798; x_wconf 89' lang='lat' dir='ltr'>boni</span> <span class='ocrx_word' id='word_1_60' title='bbox 417 761 630 798; x_wconf 87' lang='lat' dir='ltr'>offundunt</span> <span class='ocrx_word' id='word_1_61' title='bbox 650 764 732 798; x_wconf 79' lang='lat' dir='ltr'>veri</span> <span class='ocrx_word' id='word_1_62' title='bbox 753 761 923 798; x_wconf 87' lang='lat' dir='ltr'>similem</span> <span class='ocrx_word' id='word_1_63' title='bbox 949 775 993 797; x_wconf 90' lang='lat' dir='ltr'>ac</span> <span class='ocrx_word' id='word_1_64' title='bbox 1014 761 1213 810; x_wconf 88' lang='lat' dir='ltr'>plerisque</span> <span class='ocrx_word' id='word_1_65' title='bbox 1241 759 1366 796; x_wconf 88' lang='lat' dir='ltr'>credi-</span> 
     </span>
     <span class='ocr_line' id='line_1_10' title="bbox 107 837 1367 888; baseline -0.003 -13"><span class='ocrx_word' id='word_1_66' title='bbox 107 848 155 884; x_wconf 83' lang='lat'>34</span> <span class='ocrx_word' id='word_1_67' title='bbox 177 839 309 875; x_wconf 90' lang='lat' dir='ltr'>bilem.</span> <span class='ocrx_word' id='word_1_68' title='bbox 372 838 511 875; x_wconf 84' lang='lat' dir='ltr'>Habet</span> <span class='ocrx_word' id='word_1_69' title='bbox 531 841 654 874; x_wconf 87' lang='lat' dir='ltr'>virtus</span> <span class='ocrx_word' id='word_1_70' title='bbox 674 851 832 888; x_wconf 91' lang='lat' dir='ltr'>quoque</span> <span class='ocrx_word' id='word_1_71' title='bbox 854 837 1165 887; x_wconf 85' lang='lat' dir='ltr'>praecedentem</span> <span class='ocrx_word' id='word_1_72' title='bbox 1186 848 1342 872; x_wconf 90' lang='lat' dir='ltr'>causam</span> <span class='ocrx_word' id='word_1_73' title='bbox 1358 848 1367 879; x_wconf 89' lang='lat'>;</span> 
     </span>
     <span class='ocr_line' id='line_1_11' title="bbox 175 915 1367 964; baseline -0.003 -12"><span class='ocrx_word' id='word_1_74' title='bbox 175 915 340 952; x_wconf 88' lang='lat' dir='ltr'>adducit</span> <span class='ocrx_word' id='word_1_75' title='bbox 372 915 590 960; x_wconf 67' lang='lat' dir='ltr'>invidiam,l</span> <span class='ocrx_word' id='word_1_76' title='bbox 621 915 757 951; x_wconf 90' lang='lat' dir='ltr'>multis</span> <span class='ocrx_word' id='word_1_77' title='bbox 787 917 894 950; x_wconf 86' lang='lat' dir='ltr'>enim</span> <span class='ocrx_word' id='word_1_78' title='bbox 922 919 1086 964; x_wconf 83' lang='lat' dir='ltr'>propter</span> <span class='ocrx_word' id='word_1_79' title='bbox 1119 916 1367 963; x_wconf 86' lang='lat' dir='ltr'>sapientiam,</span> 
     </span>
     <span class='ocr_line' id='line_1_12' title="bbox 176 990 1369 1042; baseline -0.003 -13"><span class='ocrx_word' id='word_1_80' title='bbox 176 993 312 1030; x_wconf 90' lang='lat' dir='ltr'>multis</span> <span class='ocrx_word' id='word_1_81' title='bbox 339 998 501 1042; x_wconf 83' lang='lat' dir='ltr'>propter</span> <span class='ocrx_word' id='word_1_82' title='bbox 525 995 717 1029; x_wconf 87' lang='lat' dir='ltr'>iustitiam</span> <span class='ocrx_word' id='word_1_83' title='bbox 743 991 954 1028; x_wconf 80' lang='lat' dir='ltr'>invidetur.</span> <span class='ocrx_word' id='word_1_84' title='bbox 1014 990 1093 1028; x_wconf 92' lang='lat' dir='ltr'>Sed</span> <span class='ocrx_word' id='word_1_85' title='bbox 1120 1003 1195 1027; x_wconf 90' lang='lat' dir='ltr'>nec</span> <span class='ocrx_word' id='word_1_86' title='bbox 1222 1002 1271 1026; x_wconf 86' lang='lat' dir='ltr'>ex</span> <span class='ocrx_word' id='word_1_87' title='bbox 1300 990 1369 1026; x_wconf 85' lang='lat' dir='ltr'>se2</span> 
     </span>
     <span class='ocr_line' id='line_1_13' title="bbox 177 1067 1368 1107; baseline -0.004 0"><span class='ocrx_word' id='word_1_88' title='bbox 177 1071 278 1107; x_wconf 89' lang='lat' dir='ltr'>hanc</span> <span class='ocrx_word' id='word_1_89' title='bbox 306 1084 461 1107; x_wconf 84' lang='lat' dir='ltr'>causam</span> <span class='ocrx_word' id='word_1_90' title='bbox 488 1070 611 1107; x_wconf 90' lang='lat' dir='ltr'>habet</span> <span class='ocrx_word' id='word_1_91' title='bbox 638 1083 712 1106; x_wconf 87' lang='lat' dir='ltr'>nec</span> <span class='ocrx_word' id='word_1_92' title='bbox 738 1072 818 1106; x_wconf 79' lang='lat' dir='ltr'>veri</span> <span class='ocrx_word' id='word_1_93' title='bbox 846 1068 1025 1105; x_wconf 87' lang='lat' dir='ltr'>similem.</span> <span class='ocrx_word' id='word_1_94' title='bbox 1086 1067 1232 1104; x_wconf 88' lang='lat' dir='ltr'>Contra</span> <span class='ocrx_word' id='word_1_95' title='bbox 1262 1069 1368 1103; x_wconf 90' lang='lat' dir='ltr'>enim</span> 
     </span>
     <span class='ocr_line' id='line_1_14' title="bbox 178 1145 1369 1196; baseline -0.003 -12"><span class='ocrx_word' id='word_1_96' title='bbox 178 1151 258 1184; x_wconf 84' lang='lat' dir='ltr'>veri</span> <span class='ocrx_word' id='word_1_97' title='bbox 287 1147 450 1184; x_wconf 87' lang='lat' dir='ltr'>similior</span> <span class='ocrx_word' id='word_1_98' title='bbox 475 1147 543 1183; x_wconf 89' lang='lat' dir='ltr'>illa</span> <span class='ocrx_word' id='word_1_99' title='bbox 570 1149 722 1196; x_wconf 88' lang='lat' dir='ltr'>species</span> <span class='ocrx_word' id='word_1_100' title='bbox 751 1146 958 1182; x_wconf 88' lang='lat' dir='ltr'>hominum</span> <span class='ocrx_word' id='word_1_101' title='bbox 985 1147 1126 1181; x_wconf 88' lang='lat' dir='ltr'>animis</span> <span class='ocrx_word' id='word_1_102' title='bbox 1152 1145 1322 1181; x_wconf 87' lang='lat' dir='ltr'>obicitur</span> <span class='ocrx_word' id='word_1_103' title='bbox 1347 1158 1369 1181; x_wconf 85' lang='lat' dir='ltr'>a</span> 
     </span>
     <span class='ocr_line' id='line_1_15' title="bbox 178 1222 1358 1274; baseline -0.003 -13"><span class='ocrx_word' id='word_1_104' title='bbox 178 1228 340 1270; x_wconf 69' lang='lat' dir='ltr'>virtute,</span> <span class='ocrx_word' id='word_1_105' title='bbox 360 1237 461 1274; x_wconf 91' lang='lat' dir='ltr'>quae</span> <span class='ocrx_word' id='word_1_106' title='bbox 481 1223 569 1259; x_wconf 89' lang='lat' dir='ltr'>illos</span> <span class='ocrx_word' id='word_1_107' title='bbox 589 1226 629 1259; x_wconf 92' lang='lat' dir='ltr'>in</span> <span class='ocrx_word' id='word_1_108' title='bbox 650 1236 823 1259; x_wconf 88' lang='lat' dir='ltr'>amorem</span> <span class='ocrx_word' id='word_1_109' title='bbox 845 1228 887 1259; x_wconf 91' lang='lat' dir='ltr'>et</span> <span class='ocrx_word' id='word_1_110' title='bbox 906 1222 1210 1259; x_wconf 87' lang='lat' dir='ltr'>admirationem</span> <span class='ocrx_word' id='word_1_111' title='bbox 1231 1227 1358 1259; x_wconf 86' lang='lat' dir='ltr'>vocet.</span> 
     </span>
     <span class='ocr_line' id='line_1_16' title="bbox 109 1301 1369 1351; baseline -0.003 -12"><span class='ocrx_word' id='word_1_112' title='bbox 109 1314 158 1351; x_wconf 86' lang='lat'>35</span> <span class='ocrx_word' id='word_1_113' title='bbox 249 1302 479 1339; x_wconf 86' lang='lat' dir='ltr'>Posidonius</span> <span class='ocrx_word' id='word_1_114' title='bbox 508 1305 562 1337; x_wconf 90' lang='lat' dir='ltr'>sic</span> <span class='ocrx_word' id='word_1_115' title='bbox 591 1301 919 1350; x_wconf 83' lang='lat' dir='ltr'>interrogandum</span> <span class='ocrx_word' id='word_1_116' title='bbox 948 1303 1026 1337; x_wconf 88' lang='lat' dir='ltr'>ait:</span> <span class='ocrx_word' id='word_1_117' title='bbox 1070 1304 1208 1349; x_wconf 83' lang='lat' dir='ltr'>“quae</span> <span class='ocrx_word' id='word_1_118' title='bbox 1238 1312 1369 1349; x_wconf 89' lang='lat' dir='ltr'>neque</span> 
     </span>
     <span class='ocr_line' id='line_1_17' title="bbox 180 1379 1371 1430; baseline -0.003 -13"><span class='ocrx_word' id='word_1_119' title='bbox 180 1380 499 1430; x_wconf 86' lang='lat' dir='ltr'>magnitudinem</span> <span class='ocrx_word' id='word_1_120' title='bbox 519 1383 650 1416; x_wconf 87' lang='lat' dir='ltr'>animo</span> <span class='ocrx_word' id='word_1_121' title='bbox 671 1379 769 1416; x_wconf 89' lang='lat' dir='ltr'>dant</span> <span class='ocrx_word' id='word_1_122' title='bbox 788 1392 862 1415; x_wconf 86' lang='lat' dir='ltr'>nec</span> <span class='ocrx_word' id='word_1_123' title='bbox 884 1379 1068 1415; x_wconf 87' lang='lat' dir='ltr'>fiduciam</span> <span class='ocrx_word' id='word_1_124' title='bbox 1088 1391 1163 1415; x_wconf 91' lang='lat' dir='ltr'>nec</span> <span class='ocrx_word' id='word_1_125' title='bbox 1184 1380 1371 1415; x_wconf 85' lang='lat' dir='ltr'>securita-</span> 
     </span>
     <span class='ocr_line' id='line_1_18' title="bbox 180 1456 1369 1504; baseline -0.001 -10"><span class='ocrx_word' id='word_1_126' title='bbox 180 1463 274 1504; x_wconf 85' lang='lat' dir='ltr'>tem,</span> <span class='ocrx_word' id='word_1_127' title='bbox 302 1472 380 1494; x_wconf 87' lang='lat' dir='ltr'>non</span> <span class='ocrx_word' id='word_1_128' title='bbox 408 1463 500 1494; x_wconf 91' lang='lat' dir='ltr'>sunt</span> <span class='ocrx_word' id='word_1_129' title='bbox 529 1459 642 1494; x_wconf 89' lang='lat' dir='ltr'>bona.</span> <span class='ocrx_word' id='word_1_130' title='bbox 703 1457 877 1494; x_wconf 87' lang='lat' dir='ltr'>Divitiae</span> <span class='ocrx_word' id='word_1_131' title='bbox 906 1462 1042 1493; x_wconf 88' lang='lat' dir='ltr'>autem</span> <span class='ocrx_word' id='word_1_132' title='bbox 1069 1461 1111 1493; x_wconf 90' lang='lat' dir='ltr'>et</span> <span class='ocrx_word' id='word_1_133' title='bbox 1136 1456 1239 1492; x_wconf 88' lang='lat' dir='ltr'>bona</span> <span class='ocrx_word' id='word_1_134' title='bbox 1266 1456 1369 1493; x_wconf 88' lang='lat' dir='ltr'>vale-</span> 
     </span>
     <span class='ocr_line' id='line_1_19' title="bbox 179 1534 1369 1583; baseline -0.003 -10"><span class='ocrx_word' id='word_1_135' title='bbox 179 1536 276 1572; x_wconf 86' lang='lat' dir='ltr'>tudo</span> <span class='ocrx_word' id='word_1_136' title='bbox 310 1541 351 1573; x_wconf 92' lang='lat' dir='ltr'>et</span> <span class='ocrx_word' id='word_1_137' title='bbox 386 1536 527 1572; x_wconf 87' lang='lat' dir='ltr'>similia</span> <span class='ocrx_word' id='word_1_138' title='bbox 558 1535 618 1571; x_wconf 85' lang='lat' dir='ltr'>his</span> <span class='ocrx_word' id='word_1_139' title='bbox 651 1534 751 1570; x_wconf 91' lang='lat' dir='ltr'>nihil</span> <span class='ocrx_word' id='word_1_140' title='bbox 780 1534 919 1571; x_wconf 88' lang='lat' dir='ltr'>horum</span> <span class='ocrx_word' id='word_1_141' title='bbox 951 1534 1125 1578; x_wconf 82' lang='lat' dir='ltr'>faciunt3</span> <span class='ocrx_word' id='word_1_142' title='bbox 1166 1546 1261 1583; x_wconf 87' lang='lat' dir='ltr'>ergo</span> <span class='ocrx_word' id='word_1_143' title='bbox 1289 1546 1369 1569; x_wconf 90' lang='lat' dir='ltr'>non</span> 
     </span>
     <span class='ocr_line' id='line_1_20' title="bbox 180 1612 1370 1661; baseline -0.003 -12"><span class='ocrx_word' id='word_1_144' title='bbox 180 1618 272 1649; x_wconf 87' lang='lat' dir='ltr'>sunt</span> <span class='ocrx_word' id='word_1_145' title='bbox 293 1612 432 1649; x_wconf 82' lang='lat' dir='ltr'>bona.’&#39;</span> <span class='ocrx_word' id='word_1_146' title='bbox 493 1613 611 1648; x_wconf 90' lang='lat' dir='ltr'>Hanc</span> <span class='ocrx_word' id='word_1_147' title='bbox 627 1614 981 1661; x_wconf 85' lang='lat' dir='ltr'>interrogationem</span> <span class='ocrx_word' id='word_1_148' title='bbox 998 1614 1123 1661; x_wconf 89' lang='lat' dir='ltr'>magis</span> <span class='ocrx_word' id='word_1_149' title='bbox 1140 1614 1370 1648; x_wconf 86' lang='lat' dir='ltr'>etiamnunc</span> 
     </span>
     <span class='ocr_line' id='line_1_21' title="bbox 178 1687 1369 1737; baseline -0.003 -10"><span class='ocrx_word' id='word_1_150' title='bbox 178 1691 253 1727; x_wconf 89' lang='lat' dir='ltr'>hoc</span> <span class='ocrx_word' id='word_1_151' title='bbox 292 1690 410 1727; x_wconf 91' lang='lat' dir='ltr'>modo</span> <span class='ocrx_word' id='word_1_152' title='bbox 448 1689 647 1726; x_wconf 88' lang='lat' dir='ltr'>intendit:</span> <span class='ocrx_word' id='word_1_153' title='bbox 696 1692 834 1737; x_wconf 83' lang='lat' dir='ltr'>“quae</span> <span class='ocrx_word' id='word_1_154' title='bbox 873 1701 1004 1737; x_wconf 91' lang='lat' dir='ltr'>neque</span> <span class='ocrx_word' id='word_1_155' title='bbox 1050 1687 1369 1737; x_wconf 88' lang='lat' dir='ltr'>magnitudinem</span> 
     </span>
     <span class='ocr_line' id='line_1_22' title="bbox 178 1766 1370 1811; baseline -0.003 -7"><span class='ocrx_word' id='word_1_156' title='bbox 178 1771 310 1805; x_wconf 83' lang='lat' dir='ltr'>animo</span> <span class='ocrx_word' id='word_1_157' title='bbox 348 1768 446 1804; x_wconf 89' lang='lat' dir='ltr'>dant</span> <span class='ocrx_word' id='word_1_158' title='bbox 484 1780 558 1803; x_wconf 90' lang='lat' dir='ltr'>nec</span> <span class='ocrx_word' id='word_1_159' title='bbox 596 1766 780 1803; x_wconf 87' lang='lat' dir='ltr'>fiduciam</span> <span class='ocrx_word' id='word_1_160' title='bbox 818 1779 892 1803; x_wconf 89' lang='lat' dir='ltr'>nec</span> <span class='ocrx_word' id='word_1_161' title='bbox 931 1769 1200 1811; x_wconf 80' lang='lat' dir='ltr'>securitatem,</span> <span class='ocrx_word' id='word_1_162' title='bbox 1234 1771 1370 1802; x_wconf 86' lang='lat' dir='ltr'>contra</span> 
     </span>
     <span class='ocr_line' id='line_1_23' title="bbox 179 1844 1369 1891; baseline -0.003 -10"><span class='ocrx_word' id='word_1_163' title='bbox 179 1850 314 1881; x_wconf 88' lang='lat' dir='ltr'>autem</span> <span class='ocrx_word' id='word_1_164' title='bbox 353 1844 620 1888; x_wconf 86' lang='lat' dir='ltr'>insolentiam,</span> <span class='ocrx_word' id='word_1_165' title='bbox 658 1848 870 1888; x_wconf 85' lang='lat' dir='ltr'>tumorem,</span> <span class='ocrx_word' id='word_1_166' title='bbox 908 1845 1174 1891; x_wconf 85' lang='lat' dir='ltr'>arrogantiam</span> <span class='ocrx_word' id='word_1_167' title='bbox 1218 1847 1369 1887; x_wconf 87' lang='lat' dir='ltr'>creant,</span> 
     </span>
    </p>
   </div>
   <div class='ocr_carea' id='block_1_3' title="bbox 180 1919 1369 1969">
    <p class='ocr_par' dir='ltr' id='par_1_3' title="bbox 180 1919 1369 1969">
     <span class='ocr_line' id='line_1_24' title="bbox 180 1919 1369 1969; baseline -0.003 -10"><span class='ocrx_word' id='word_1_168' title='bbox 180 1923 281 1959; x_wconf 88' lang='lat' dir='ltr'>mala</span> <span class='ocrx_word' id='word_1_169' title='bbox 312 1927 415 1959; x_wconf 90' lang='lat' dir='ltr'>sunt.</span> <span class='ocrx_word' id='word_1_170' title='bbox 475 1922 509 1957; x_wconf 80' lang='lat' dir='ltr'><strong>A</strong></span> <span class='ocrx_word' id='word_1_171' title='bbox 542 1920 715 1957; x_wconf 88' lang='lat' dir='ltr'>fortuitis</span> <span class='ocrx_word' id='word_1_172' title='bbox 753 1925 888 1957; x_wconf 91' lang='lat' dir='ltr'>autem</span> <span class='ocrx_word' id='word_1_173' title='bbox 918 1923 959 1956; x_wconf 90' lang='lat' dir='ltr'>in</span> <span class='ocrx_word' id='word_1_174' title='bbox 988 1920 1087 1956; x_wconf 90' lang='lat' dir='ltr'>haec</span> <span class='ocrx_word' id='word_1_175' title='bbox 1116 1919 1369 1969; x_wconf 84' lang='lat' dir='ltr'>inpellimur3</span> 
     </span>
    </p>
   </div>
   <div class='ocr_carea' id='block_1_4' title="bbox 180 2004 1366 2086">
    <p class='ocr_par' dir='ltr' id='par_1_4' title="bbox 180 2004 1366 2086">
     <span class='ocr_line' id='line_1_25' title="bbox 180 2004 1366 2043; baseline -0.002 -4"><span class='ocrx_word' id='word_1_176' title='bbox 180 2007 191 2026; x_wconf 84' lang='lat'>¹</span> <span class='ocrx_word' id='word_1_177' title='bbox 216 2008 354 2039; x_wconf 70' lang='lat' dir='ltr'>adducit</span> <span class='ocrx_word' id='word_1_178' title='bbox 375 2008 537 2039; x_wconf 72' lang='lat' dir='ltr'>invidiam</span> <span class='ocrx_word' id='word_1_179' title='bbox 557 2006 696 2043; x_wconf 78' lang='lat' dir='ltr'>Haase;</span> <span class='ocrx_word' id='word_1_180' title='bbox 719 2007 766 2038; x_wconf 77' lang='lat' dir='ltr'>(th</span> <span class='ocrx_word' id='word_1_181' title='bbox 783 2006 947 2038; x_wconf 72' lang='lat' dir='ltr'>invidiam</span> <span class='ocrx_word' id='word_1_182' title='bbox 965 2006 1040 2042; x_wconf 83' lang='lat' dir='ltr'>Vb;</span> <span class='ocrx_word' id='word_1_183' title='bbox 1065 2006 1313 2038; x_wconf 72' lang='lat' dir='ltr'>addunvidiam</span> <span class='ocrx_word' id='word_1_184' title='bbox 1330 2004 1366 2037; x_wconf 89' lang='lat' dir='ltr'>P.</span> 
     </span>
     <span class='ocr_line' id='line_1_26' title="bbox 419 2048 1130 2086; baseline 0 -5"><span class='ocrx_word' id='word_1_185' title='bbox 419 2051 432 2069; x_wconf 71' lang='lat'><strong>2</strong></span> <span class='ocrx_word' id='word_1_186' title='bbox 456 2062 514 2082; x_wconf 74' lang='lat' dir='ltr'>mc</span> <span class='ocrx_word' id='word_1_187' title='bbox 529 2062 567 2082; x_wconf 60' lang='lat' dir='ltr'>ea·</span> <span class='ocrx_word' id='word_1_188' title='bbox 582 2062 614 2082; x_wconf 68' lang='lat' dir='ltr'>se</span> <span class='ocrx_word' id='word_1_189' title='bbox 631 2050 719 2082; x_wconf 84' lang='lat' dir='ltr'>later</span> <span class='ocrx_word' id='word_1_190' title='bbox 737 2048 838 2082; x_wconf 87' lang='lat' dir='ltr'>MSS.</span> <span class='ocrx_word' id='word_1_191' title='bbox 858 2062 866 2086; x_wconf 84' lang='lat'><strong>;</strong></span> <span class='ocrx_word' id='word_1_192' title='bbox 891 2060 1015 2081; x_wconf 69' lang='lat' dir='ltr'>neeesse</span> <span class='ocrx_word' id='word_1_193' title='bbox 1034 2049 1130 2081; x_wconf 88' lang='lat' dir='ltr'>VPb.</span> 
     </span>
    </p>
   </div>
   <div class='ocr_carea' id='block_1_5' title="bbox 181 2107 255 2139">
    <p class='ocr_par' dir='ltr' id='par_1_5' title="bbox 181 2107 255 2139">
     <span class='ocr_line' id='line_1_27' title="bbox 181 2107 255 2139; baseline 0.014 -1"><span class='ocrx_word' id='word_1_194' title='bbox 181 2107 255 2139; x_wconf 66' lang='lat'>342</span> 
     </span>
    </p>
   </div>
  </div>
 </body>
</html>
