1434 2333
406 133 521 169 THE
552 131 804 169 EPISTLES
834 132 905 169 OF
934 132 1143 170 SENECA

183 222 376 268 aptiorem
393 232 478 256 esse
494 219 544 255 ad
566 220 709 256 bonam
723 225 903 256 mentem
919 233 1035 270 quam
1056 234 1157 270 quae
1178 233 1219 257 se
1235 220 1369 256 multis

184 284 481 330 experimentis,
508 281 627 330 longa
660 294 704 317 ac
734 281 934 331 frequenti
962 295 1091 319 rerum
1125 284 1372 332 paenitentia

184 343 375 388 edomuit,
396 356 497 393 quae
517 343 567 380 ad
589 343 774 380 salutaria
794 346 986 393 mitigatis
1005 344 1228 381 adfectibus
1248 347 1369 381 venit.

187 406 276 442 Hoc
315 410 376 442 est
418 405 533 442 huius
577 406 671 442 boni
713 411 872 455 tempus
890 418 898 449 ;
946 409 1121 455 quisquis
1163 419 1285 443 senex
1321 405 1371 442 ad

185 470 419 517 sapientiam
439 470 634 517 pervenit,
654 471 767 504 annis
787 470 980 517 pervenit.
1039 467 1156 505 VALE.

452 818 604 855 SENECA
635 819 793 855 LVCILIO
824 831 889 854 SVO
919 831 1091 855 SALVTEM

148 921 164 957 l
268 924 426 960 Mutare
460 929 502 960 te
531 923 618 959 loca
647 929 689 960 et
712 923 872 960 aliunde
902 922 1004 959 ali01
1034 923 1231 959 transilire
1260 923 1376 967 nolo;

187 989 370 1035 primum,
392 988 482 1035 quia
509 991 591 1022 tam
617 985 805 1035 frequens
832 988 1015 1035 migratio
1042 985 1236 1022 instabilis
1256 988 1377 1021 animi

188 1052 258 1084 est.
319 1047 550 1084 Coalescere
580 1051 661 1083 otio
690 1061 770 1083 non
800 1052 946 1096 potest,
976 1050 1050 1083 nisi
1080 1047 1183 1084 desit
1213 1050 1377 1083 circum-

188 1111 338 1158 spicere
378 1114 420 1145 et
459 1122 597 1145 errare.
676 1109 732 1145 Ut
780 1112 955 1145 animum
998 1111 1120 1158 possis
1159 1111 1378 1154 continere,

147 1170 168 1205 2
187 1174 357 1220 primum
379 1174 549 1220 corporis
576 1174 635 1207 tui
657 1171 792 1220 fugam
813 1174 918 1208 siste.
978 1170 1137 1207 Deinde
1164 1170 1377 1220 plurimum

187 1232 363 1270 remedia
392 1236 623 1269 continuata
658 1232 877 1281 proficiunt.
939 1232 1271 1281 Interrumpenda
1299 1245 1379 1268 non

188 1300 249 1332 est
281 1297 393 1344 quies
428 1300 469 1331 et
502 1297 607 1331 vitae
642 1297 780 1343 prioris
814 1294 970 1330 oblivio.
1044 1294 1138 1331 Sine
1173 1294 1378 1331 dediscere

188 1356 322 1392 oculos
352 1361 453 1401 tuos,
481 1359 565 1392 sine
592 1369 704 1392 aures
731 1356 963 1392 adsuescere
991 1356 1208 1392 sanioribus
1237 1356 1377 1392 verbis.

191 1418 388 1464 Quotiens
422 1421 670 1467 processeris,
704 1421 745 1453 in
779 1421 864 1466 ipso
898 1421 1067 1454 transitu
1102 1418 1245 1467 aliqua,
1279 1431 1380 1467 quae

150 1482 172 1517 3
190 1484 384 1516 renovent
412 1479 652 1528 cupiditates
679 1484 781 1525 tuas,
802 1480 875 1515 tibi
902 1484 1121 1516 occurrent.
1181 1478 1382 1525 Quemad-

191 1541 352 1578 modum
387 1541 454 1586 ei,2
487 1544 554 1590 qui
588 1554 762 1577 amorem
801 1554 947 1577 exuere
985 1546 1163 1586 conatur,
1197 1541 1382 1578 evitanda

192 1609 253 1640 est
291 1605 416 1638 omnis
454 1602 672 1639 admonitio
720 1602 858 1639 dilecti
905 1605 1089 1652 corporis,
1128 1602 1227 1639 nihil
1275 1606 1381 1639 enim

192 1665 344 1702 facilius
365 1678 482 1714 quam
502 1678 611 1700 amor
630 1664 885 1709 recrudescit,
905 1666 962 1700 ita
981 1667 1048 1714 qui
1075 1664 1275 1714 deponere
1296 1664 1382 1701 vult

192 1726 388 1763 desideria
408 1739 539 1762 rerum
559 1729 749 1771 omnium,
766 1739 931 1775 quarum
951 1725 1170 1775 cupiditate
1191 1726 1383 1775 flagravit,

248 1814 258 1833 1
282 1814 422 1846 aliunde
445 1814 514 1845 alio
539 1813 683 1851 Haase;
714 1813 822 1845 alium
849 1813 888 1844 de
915 1812 984 1844 alio
1012 1811 1113 1854 pr;
1143 1813 1180 1844 in
1207 1813 1316 1845 alium
1343 1813 1383 1845 de

195 1858 264 1890 alio
282 1857 327 1890 V.

247 1900 260 1919 ²²
284 1901 312 1932 ei
328 1900 416 1932 later
435 1899 538 1932 MSS.
556 1913 564 1936 ;
589 1904 619 1931 et
636 1898 761 1941 pVPb.

247 2000 261 2013 <¹
289 1993 340 2035 Cf.
352 1993 419 2034 Ep.
431 1995 464 2025 ii.
475 1996 490 2032 ἓ
501 1995 521 2024 3
533 1993 582 2025 nil
592 1992 882 2035 aeqzcesanitatem
894 1992 1034 2035 impedit
1045 2003 1148 2034 quam
1157 1992 1382 2025 remediorum

196 2036 312 2068 crebra
328 2036 484 2068 mutatio.

197 2092 246 2124 52
