1434 2333
394 125 509 161 THE
538 125 791 163 EPISTLES
823 126 893 163 OF
922 126 1131 164 SENECA

170 224 250 246 non
277 216 337 247 est
367 214 576 260 quicquam
606 216 699 260 apto
728 215 872 260 aptius,
901 216 992 262 quia
1020 214 1138 263 plano
1168 214 1267 250 nihil
1297 220 1359 251 est

171 287 335 335 planius.
398 287 487 322 Non
508 292 622 335 potes
642 287 774 324 dicere
801 287 875 324 hoc
896 292 1020 338 magis
1047 303 1117 339 par
1137 303 1222 326 esse
1242 290 1359 326 alicui

171 375 289 411 quam
322 361 446 405 illud;
489 375 583 411 ergo
612 376 686 400 nec
720 362 889 400 honesto
916 363 1121 401 honestius
1149 367 1360 414 quicquam

105 442 152 479 29
172 443 243 474 est.
303 436 422 483 Quod
449 440 480 474 si
507 451 577 487 par
602 441 779 475 omnium
805 442 998 476 virtutum
1025 445 1165 476 natura
1192 446 1265 486 est,
1286 443 1363 476 tria

172 527 321 563 genera
344 514 537 550 bonorum
563 517 604 550 in
624 527 751 564 aequo
778 520 881 552 sunt.
942 515 1004 551 Ita
1029 515 1140 552 dico:
1169 518 1211 552 in
1236 529 1362 565 aequo

174 596 235 627 est
262 590 466 627 moderate
492 591 667 640 gaudere
690 597 733 628 et
758 591 964 629 moderate
984 592 1130 630 dolere.
1190 593 1364 630 Laetitia

173 666 240 703 illa
273 680 353 703 non
386 670 509 704 vincit
547 667 649 704 hanc
683 670 804 704 animi
843 668 1070 706 firmitatem
1104 670 1177 706 sub
1214 674 1364 707 tortore

173 744 346 791 gemitus
395 742 684 787 devorantem;
745 742 813 779 illa
864 744 967 780 bona
1015 744 1218 793 optabilia,
1265 744 1364 781 haec

173 817 366 854 mirabilia
392 823 497 863 sunt,
525 824 691 868 utraque
718 819 974 856 nihilominus
1000 823 1120 869 paria,
1140 823 1231 870 quia
1251 820 1364 871 quid-

174 893 271 943 quid
300 893 539 930 incommodi
569 899 642 939 est,
672 896 709 929 vi
743 899 855 931 tanto
884 897 1039 931 maioris
1074 896 1166 932 boni
1200 897 1362 945 tegitur.

108 973 157 1009 30
176 968 365 1018 Quisquis
408 969 505 1005 haec
544 972 694 1018 inparia
731 970 892 1015 iudicat,
930 971 979 1006 ab
1022 973 1114 1020 ipsis
1153 971 1365 1008 virtutibus

175 1048 320 1081 avertit
348 1045 481 1081 oculos
515 1051 557 1082 et
590 1049 784 1082 exteriora
813 1049 1101 1095 circumspicit3
1143 1047 1247 1084 bona
1275 1060 1366 1084 vera

176 1122 282 1158 idem
321 1122 514 1171 pendent,
552 1122 658 1159 idem
704 1128 856 1172 patent.
934 1123 1009 1158 Illa
1052 1122 1150 1159 falsa
1193 1123 1365 1160 multum

177 1198 328 1234 habent
370 1200 468 1234 vani.
548 1198 687 1247 Itaque
736 1201 911 1247 speciosa
957 1203 999 1235 et
1044 1212 1189 1248 magna
1229 1204 1366 1235 contra

177 1274 407 1319 visentibus,
429 1287 517 1309 cum
538 1273 588 1310 ad
608 1273 762 1323 pondus
782 1279 963 1311 revocata
984 1279 1090 1319 sunt,
1110 1274 1264 1311 fallunt.

109 1352 152 1387 31
244 1350 305 1386 Ita
326 1355 399 1395 est,
416 1352 468 1385 mi
491 1349 616 1385 Lucili
632 1363 640 1393 ;
670 1349 858 1399 quicquid
873 1363 964 1386 vera
983 1353 1083 1386 ratio
1099 1350 1365 1397 commendat,

176 1425 345 1462 solidum
373 1431 415 1462 et
442 1431 650 1462 aeternum
677 1431 751 1470 est,
778 1425 905 1461 firmat
934 1428 1109 1462 animum
1135 1425 1364 1476 attollitque

177 1515 334 1551 semper
384 1501 561 1537 futurum
612 1504 653 1537 in
701 1501 857 1537 excelso
880 1514 888 1545 ;
943 1501 1010 1537 illa
1061 1515 1162 1551 quae
1213 1506 1365 1539 temere

174 1577 388 1614 laudantur
434 1583 475 1614 et
523 1577 629 1626 vulgi
677 1579 877 1614 sententia
925 1577 1028 1613 bona
1075 1582 1181 1623 sunt,
1227 1577 1366 1614 inflant

175 1654 356 1690 inanibus
376 1653 511 1690 laetos.
574 1653 718 1689 Rursus
739 1666 798 1697 ea,
818 1665 919 1702 quae
944 1655 1136 1689 timentur
1162 1658 1363 1703 tamquam

175 1725 289 1769 111313,
310 1727 478 1760 iniciunt
500 1723 751 1760 formidinem
767 1723 966 1760 mentibus
983 1728 1025 1760 et
1044 1723 1130 1759 illas
1150 1737 1230 1760 non
1250 1724 1366 1761 aliter

108 1809 155 1844 32
175 1814 293 1851 quam
331 1800 514 1836 animalia
553 1803 704 1849 species
742 1799 905 1849 periculi
944 1801 1109 1849 agitant.
1184 1800 1363 1850 Utraque

229 1951 243 1964 ¹1
269 1944 337 1979 i.e.,
356 1944 396 1975 of
408 1944 469 1976 the
486 1944 574 1980 soul,
593 1943 633 1975 of
645 1943 706 1975 the
723 1943 830 1984 body,
849 1943 920 1975 and
936 1943 977 1975 of
989 1943 1147 1975 external
1162 1944 1286 1985 goods.

229 1988 240 2006 ὁ
265 1987 460 2019 Buecheler
471 1986 593 2019 thinks
606 1987 684 2019 that
697 1986 768 2018 this
781 1986 989 2018 alliterative
1005 1986 1133 2028 phrase
1145 1987 1186 2018 of
1199 1986 1362 2020 Seneca's

175 2031 204 2061 is
217 2041 261 2061 an
276 2030 363 2062 echo
376 2030 416 2062 of
430 2041 527 2063 some
543 2029 690 2072 popular
706 2029 856 2072 proverb
868 2040 907 2062 or
918 2029 988 2062 line
1004 2029 1113 2062 taken
1127 2029 1217 2062 from
1229 2041 1251 2062 a
1266 2030 1359 2073 play.

178 2087 228 2119 20
