1434 2333
394 135 509 171 THE
540 134 793 172 EPISTLES
824 133 894 172 OF
924 135 1133 173 SENECA

170 225 293 271 possit
323 234 413 257 cum
441 222 508 257 illa
537 222 716 259 conferre
745 223 912 268 vultum,
940 224 1042 260 nisi1
1070 227 1147 260 iam
1176 226 1358 273 pervenit

101 290 150 326 35
169 292 220 328 ad
234 305 431 328 summum
445 297 486 328 et
500 292 665 329 fiduciae
678 292 820 342 plenus
837 298 907 329 est.
956 293 1184 343 Inperfecta
1195 307 1357 331 necesse

170 367 230 398 est
258 362 394 399 labent
422 367 464 399 et
489 362 606 399 modo
633 363 842 412 prodeant,
861 364 980 400 modo
1006 364 1265 401 sublabantur
1290 370 1358 400 aut

171 432 385 469 succidant.
459 432 729 471 Sublabentur
775 440 924 480 autem,
971 438 1046 471 nisi
1093 438 1148 472 ire
1197 440 1239 471 et
1284 436 1359 470 niti

171 507 537 552 perseveraverint3
585 508 616 542 si
659 508 870 555 quicquam
914 519 962 542 ex
1005 506 1136 542 studio
1175 510 1216 542 et
1253 504 1360 541 fideli

171 576 396 611 intentione
418 574 649 621 laxaverint,
670 581 776 612 retro
797 575 973 612 eundum
995 581 1065 613 est.
1125 576 1253 612 Nemo
1274 588 1360 625 pro-

171 644 322 680 fectum
349 645 401 680 ibi
432 648 599 690 invenit,
620 647 688 682 ubi
715 647 939 696 reliquerat.
1001 646 1199 683 Instemus
1226 649 1360 695 itaque

102 714 150 750 36
171 720 212 751 et
242 727 548 764 perseveremus.
625 716 726 761 Plus,
748 730 866 766 quam
892 716 1196 766 profligavimus,
1225 721 1361 760 restat,

171 786 241 822 sed
261 799 405 835 magna
426 799 514 835 pars
535 792 596 823 est
616 788 819 836 profectus
840 787 943 824 velle
963 787 1161 836 proficere.

240 856 371 892 Huius
392 859 448 892 rei
469 859 647 893 conscius
667 857 764 893 mihi
792 870 901 901 sum;
931 857 1018 894 volo
1046 863 1087 894 et
1112 862 1249 894 mente
1276 862 1362 893 tota

171 928 269 963 volo.
328 927 385 963 Te
412 940 569 976 quoque
598 930 834 964 instinctum
855 941 940 964 esse
968 933 1010 964 et
1035 940 1180 976 magno
1200 927 1249 963 ad
1276 927 1362 976 pul-

172 998 364 1034 cherrima
390 1010 598 1046 properare
625 1000 779 1047 inipetu
807 998 933 1034 video.
994 997 1278 1047 Prope1·emus;
1307 1000 1363 1034 ita

172 1068 333 1105 demum
363 1071 444 1104 vita
479 1067 713 1104 beneficium
745 1071 829 1105 erit.
889 1068 1050 1117 Alioqui
1084 1081 1191 1104 mora
1218 1073 1290 1113 est,
1321 1073 1362 1104 et

172 1139 334 1189 quidem
362 1142 486 1188 turpis
514 1142 619 1175 inter
646 1138 762 1175 foeda
791 1140 1049 1175 versantibus.
1110 1139 1157 1175 Id
1187 1152 1362 1188 agamus,

173 1215 216 1246 ut
240 1215 419 1246 nostrum
449 1223 565 1246 omne
596 1214 754 1258 tempus
779 1213 837 1245 sit⁴
897 1209 985 1245 Non
1016 1212 1091 1246 erit
1120 1214 1268 1254 autem,
1288 1212 1363 1245 nisi

104 1284 151 1322 37
173 1284 278 1330 prius
299 1293 369 1316 nos
390 1283 512 1316 nostri
538 1293 623 1316 esse
645 1282 901 1329 coeperimus.
961 1279 1132 1324 Quando
1154 1283 1363 1329 continget

173 1356 431 1387 contemnere
470 1356 679 1400 utramque
714 1349 927 1395 fortunam,
961 1349 1119 1399 quando
1153 1353 1363 1400 continget

173 1422 355 1457 omnibus
376 1424 571 1470 oppressis
601 1420 824 1457 adfectibus
854 1425 895 1457 et
925 1421 996 1456 sub
1020 1421 1225 1456 arbitrium
1249 1433 1363 1457 suum

172 1492 356 1529 adductis
372 1491 473 1527 hanc
490 1504 626 1527 vocem
644 1493 829 1527 emittere
847 1494 870 1511 “
880 1490 1008 1526 vici’'?
1057 1489 1188 1534 Quem
1202 1493 1361 1527 vicerim

173 1563 355 1612 quaeris?
415 1562 504 1597 Non
531 1561 666 1598 Persas
693 1574 767 1597 nec
795 1566 972 1597 extrema
998 1560 1209 1596 Medorum
1236 1574 1310 1597 nec
1331 1563 1362 1597 si

173 1633 269 1683 quid
290 1633 392 1669 ultra
418 1631 551 1668 Dahas
576 1631 807 1667 bellicosum
828 1634 943 1675 iacet,
965 1630 1035 1666 sed
1055 1632 1272 1675 avaritiam,
1293 1630 1363 1667 sed

173 1704 446 1748 ambitionem,
467 1702 537 1739 sed
560 1707 714 1739 metum
735 1704 884 1746 mortis,
905 1703 972 1750 qui
992 1703 1160 1737 victores
1180 1703 1362 1749 gentium

174 1777 278 1811 vicit.
338 1773 456 1809 VALE.

396 1857 405 1876 ¹
434 1858 574 1892 vultum,
595 1857 660 1888 nisi
678 1856 824 1892 Hense;
851 1855 977 1887 vultum
995 1855 1024 1886 .ςὶ
1041 1854 1144 1887 MSS.

227 1934 241 1947 ‘¹
267 1913 307 1959 ln
325 1912 439 1958 which
456 1936 549 1959 case.
568 1925 611 1956 he
628 1923 744 1956 would
760 1923 804 1955 be
820 1908 1033 1963 completel}
1050 1908 1207 1963 superior
1222 1908 1259 1954 to
1277 1908 1348 1955 her.

265 1972 276 1990 ²³
300 1970 333 2002 A
351 1969 480 2001 nomad
497 1968 668 2010 Scythian
685 1967 776 1998 tribe
793 1968 870 1998 east
885 1966 925 1997 of
938 1965 998 1997 the
1015 1964 1167 2007 Caspian
1184 1964 1262 1998 Sea.

175 2109 226 2147 94
