1434 2333
413 129 530 166 THE
559 128 812 166 EPISTLES
843 128 913 165 OF
943 127 1151 166 SENECA

188 220 232 252 ut
251 215 301 252 ad
321 216 511 265 ampliora
531 216 751 262 secederet,
771 216 904 266 diligit
925 229 1003 261 eos,
1024 229 1095 265 per
1121 228 1217 265 quos
1243 215 1317 252 hoc
1338 218 1374 251 ei

186 276 317 313 facere
333 282 422 313 tuto
438 277 533 314 licet
549 277 732 327 solusque
746 278 757 300 1
775 277 851 314 illis
867 280 1085 327 gratuitum
1100 280 1373 314 testimonium

187 338 319 375 reddit
337 344 379 375 et
398 352 583 388 magnam
599 353 683 376 rem
699 339 970 376 nescientibus
986 338 1118 375 debet.
1174 338 1375 383 Quemad-

187 400 348 437 modum
369 406 645 450 praeceptores
667 414 754 437 suos
781 406 993 437 veneratur
1011 414 1056 437 ac
1083 403 1259 450 suspicit,
1280 413 1375 450 quo-

187 475 272 498 rum
293 462 486 499 beneficio
506 463 582 499 illis
602 466 716 499 inviis
737 467 832 508 exit,
853 466 907 499 sic
927 468 969 499 et
989 462 1090 507 hos?
1111 463 1183 499 sub
1209 475 1376 512 quorum

145 523 167 558 5
187 524 315 561 tutela
349 528 499 574 positus
533 531 694 562 exercet
727 531 832 562 artes
870 526 1002 561 bonas.
1062 524 1248 561 “Verum
1281 524 1376 560 ahos

187 587 372 636 quoque3
406 600 475 624 rex
514 588 659 624 viribus
693 591 770 624 suis
805 586 1019 636 protegit.”
1093 585 1191 632 Quis
1225 587 1377 635 negat?

187 648 267 685 Sed
287 648 622 698 quemadmodum
652 649 843 697 Neptuno
869 648 958 697 plus
985 648 1133 684 debere
1160 661 1201 684 se
1228 647 1377 684 iudicat

187 724 237 747 ex
256 714 301 756 is,
322 714 389 760 qui
410 711 550 747 eadem
571 711 861 760 tranquillitate
890 713 949 747 usi
977 716 1083 756 sunt,
1103 713 1170 759 qui
1197 710 1310 759 plura
1337 715 1378 746 et

187 776 416 822 pretiosiora
456 773 522 809 illo
561 776 657 809 mari
696 776 817 818 vexit,
851 775 1062 809 animosius
1099 786 1122 808 a
1159 777 1378 809 mercatore

187 849 305 885 quam
325 849 347 870 a
367 840 525 872 vectore
543 835 706 871 solvitur
725 840 875 879 votum,
892 840 933 871 et
957 848 1006 871 ex
1032 837 1125 883 ipsis
1152 837 1379 871 mercatori-

187 898 259 934 bus
295 898 453 934 effusius
487 903 622 946 gratus
657 903 730 942 est,
761 900 828 946 qui
861 897 1000 933 odores
1034 910 1079 932 ac
1113 910 1303 945 purpuras
1337 902 1379 933 et

187 973 281 996 auro
308 960 512 1008 pensanda
539 960 721 1008 portabat
746 972 864 1008 quam
891 962 958 1008 qui
985 959 1171 994 vilissima
1198 972 1378 1008 quaeque

187 1028 229 1059 et
258 1023 441 1059 saburrae
468 1022 554 1058 loco
582 1021 715 1058 futura
742 1026 1019 1070 congesserat;
1049 1024 1103 1056 sic
1130 1020 1245 1057 huius
1273 1024 1379 1070 pacis

187 1083 424 1121 beneficium
453 1084 504 1120 ad
533 1096 669 1120 omnes
700 1086 938 1132 pertinentis
967 1083 1086 1119 altius
1115 1082 1165 1119 ad
1195 1095 1261 1119 eos
1290 1095 1378 1131 per-

186 1149 310 1191 venit,
331 1149 397 1195 qui
417 1145 485 1182 illa
504 1146 607 1182 bene
630 1150 808 1181 utuntur.

145 1215 166 1251 6
256 1208 375 1244 Multi
421 1210 527 1244 enim
572 1212 664 1243 sunt
710 1220 758 1243 ex
805 1205 865 1242 his
912 1208 1072 1255 togatis,
1117 1205 1259 1255 quibus
1303 1218 1378 1254 pax

186 1272 386 1318 operosior
423 1269 529 1305 bello
563 1274 634 1305 est.
694 1268 759 1304 An
796 1267 903 1304 idem
941 1270 1142 1304 existimas
1173 1279 1243 1315 pro
1282 1279 1378 1315 pace

186 1331 334 1368 debere
356 1344 436 1376 eos,
457 1334 523 1380 qui
544 1330 652 1366 illam
674 1331 860 1366 ebrietati
879 1334 949 1366 aut
969 1328 1123 1365 libidini
1150 1328 1378 1377 inpendunt

186 1399 255 1429 aut
281 1393 367 1429 aliis
388 1396 505 1438 vitiis,
525 1406 626 1442 quae
648 1392 710 1428 vel
736 1392 843 1428 bello
867 1391 1088 1440 rumpenda
1114 1392 1234 1427 sunt?
1293 1391 1377 1426 Nisi

186 1455 289 1492 forte
328 1461 409 1491 tam
443 1457 623 1504 iniquum
657 1459 773 1502 putas
812 1466 897 1490 esse
932 1456 1167 1502 sapientem,
1200 1457 1245 1488 ut
1278 1451 1378 1488 nihil

185 1520 332 1554 viritim
349 1530 389 1554 se
406 1517 552 1554 debere
574 1529 643 1565 pro
660 1516 933 1552 communibus
952 1515 1066 1551 bonis
1086 1515 1246 1551 iudicet.
1297 1513 1379 1550 Soli

185 1580 384 1629 lunaeque
406 1579 618 1628 plurimum
638 1578 780 1623 debeo,
801 1582 842 1613 et
869 1590 949 1613 non
973 1579 1041 1613 uni
1067 1577 1164 1612 mihi
1185 1579 1375 1613 oriuntur.

187 1642 306 1678 Anno
334 1643 655 1690 temperantique
685 1653 832 1675 annum
862 1639 938 1675 deo
967 1642 1150 1688 privatim
1179 1638 1377 1688 obligatus

429 1742 438 1761 ¹
464 1742 617 1804 sozlusque
635 1741 820 1777 Muretus;
843 1741 1016 1790 solamque
1033 1739 1133 1772 VPb.

333 1829 345 1848 ³
369 1829 455 1861 alios
471 1784 703 1871 quozffellattirr
711 1783 822 1859 1lNI‘ISSSS.
832 1809 849 1864 ’ς
863 1782 1103 1868 Ῐιᾳιῑῗοξτῖεὒᾷἷὶοε
1118 1825 1219 1858 VPb.

242 1922 257 1935 α
282 1915 350 1947 For
363 1926 407 1946 an
421 1915 632 1955 interesting
644 1915 795 1945 account
808 1911 848 1943 of
858 1910 1070 1953 philosophy
1083 1909 1154 1942 and
1170 1912 1215 1942 its
1229 1910 1375 1941 relation

186 1962 223 1990 to
247 1958 385 1991 Roman
408 1958 543 1999 history
561 1967 620 1989 see
639 1956 678 1988 E.
700 1955 744 1988 V.
766 1954 913 1991 Arnold‚
933 1954 1067 1985 Roman
1088 1953 1254 1990 Stoicism,
1272 1952 1373 1994 chap.

186 2003 254 2034 xvi.
303 2001 385 2033 This
398 2001 535 2042 subject
546 2002 575 2032 is
589 1998 773 2032 discussed
788 1998 877 2039 fully
891 1997 938 2039 by
952 1997 1087 2033 Cicero,
1099 1996 1150 2028 De
1163 1996 1227 2039 Off.
1243 1998 1264 2028 i.
1282 1999 1318 2028 71
1336 1996 1376 2030 f..

187 2044 258 2076 and
275 2044 323 2086 by
340 2043 487 2081 Seneca,
509 2043 574 2086 Ep.
594 2054 648 2074 xc.

190 2094 265 2133 106
