1434 2333
395 110 511 147 THE
541 107 796 146 EPISTLES
826 107 898 144 OF
927 106 1137 144 SENECA

171 207 214 238 et
234 204 273 238 in
299 213 339 236 se
366 211 495 244 ruere,
515 211 565 234 an
595 196 670 233 hoc
696 196 898 233 excelsum
924 207 1115 231 cacumen
1141 198 1184 230 et
1210 194 1363 241 conspi-

172 289 290 313 cuum
328 288 399 325 per
432 276 531 310 vasti
564 275 682 310 maris
720 274 847 322 spatia
884 269 1070 308 detrahat
1107 269 1271 306 adsidua
1309 270 1365 304 vis

173 355 339 403 ignium,
360 353 517 394 nesci03
545 352 735 386 virtutem
764 361 844 384 non
870 346 1038 392 flamma,
1058 359 1139 382 non
1166 348 1279 382 ruina
1308 347 1366 380 in-

173 428 295 466 ferius
324 426 509 464 adducet.
570 426 684 462 Haec
714 437 792 461 una
817 425 1002 460 maiestas
1028 422 1197 472 deprimi
1226 423 1366 459 nescit.

179 505 263 543 Nec
302 503 467 554 proferri
506 502 609 539 ultra
646 514 720 538 nec
756 500 891 537 referri
926 504 1070 549 potest.
1143 498 1207 536 Sic
1240 497 1368 545 huius,

177 586 222 618 ut
251 580 496 624 caelestium,
526 583 630 615 stata
661 576 897 627 magnitudo
931 580 1002 613 est.
1064 574 1127 611 Ad
1163 574 1265 611 hanc
1299 586 1370 610 nos

178 669 368 694 conemur
387 655 569 693 educere.

111 737 155 773 11
249 733 331 769 Iam
364 731 536 768 multum
570 732 700 779 operis
729 728 861 766 effecti
890 733 976 773 est3
1009 731 1143 773 immo,
1173 730 1204 763 si
1236 740 1372 764 verum

179 810 295 846 fateri
334 807 435 854 volo,
475 820 554 843 non
592 806 775 842 multum.
850 805 934 841 Nec
973 807 1080 842 enim
1117 804 1274 840 bonitas
1312 808 1373 840 est

181 888 361 936 pessimis
391 897 476 921 esse
505 882 722 920 meliorem.
782 881 882 927 Quis
916 880 1038 917 oculis
1072 880 1277 930 glorietur,
1306 884 1374 931 qui

181 964 403 1011 suspicetur
437 960 572 996 diem?
630 959 701 994 Cui
735 957 791 994 sol
825 970 897 1007 per
929 956 1141 1006 caliginem
1175 957 1375 1006 splendet,

181 1039 278 1075 licet
305 1040 519 1073 contentus
544 1037 705 1071 interim
732 1037 783 1070 sit
812 1033 996 1083 effugisse
1026 1033 1225 1078 tenebras,
1245 1033 1375 1070 adhuc

118 1120 164 1156 12
182 1127 261 1150 11011
284 1113 427 1149 fruitur
446 1113 550 1148 bono
570 1111 678 1148 lucis.
739 1110 851 1146 Tunc
871 1112 1024 1146 animus
1044 1114 1181 1146 noster
1199 1108 1377 1155 habebit,

184 1188 290 1239 quod
324 1188 549 1238 gratuletur
582 1187 668 1232 sibi,
703 1199 792 1222 cum
827 1188 991 1223 emissus
1024 1185 1085 1221 his
1118 1186 1308 1231 tenebris,
1336 1188 1377 1222 in

185 1266 327 1316 quibus
361 1264 576 1309 volutatur,
605 1276 684 1298 non
719 1264 831 1298 tenui
866 1264 950 1298 visu
985 1261 1088 1298 clara
1117 1265 1379 1314 prospexerit,

184 1341 255 1378 sed
272 1346 402 1377 totum
423 1340 529 1376 diem
550 1338 755 1375 admiserit
771 1343 812 1374 et
833 1337 1013 1374 redditus
1029 1338 1139 1375 caelo
1155 1351 1224 1375 suo
1244 1338 1380 1385 fuerit,

186 1431 276 1454 cum
296 1418 494 1466 receperit
513 1414 657 1460 locum,
678 1426 797 1464 quem
818 1416 1026 1463 occupavit
1047 1419 1151 1451 sorte
1178 1414 1378 1452 nascendi.

187 1494 350 1531 Sursum
384 1492 497 1529 illum
531 1495 675 1527 vocant
708 1493 821 1526 initia
855 1503 933 1526 sua.
1007 1490 1094 1527 Erit
1131 1496 1267 1528 autem
1300 1491 1381 1527 illic

187 1572 309 1607 etiam
338 1573 553 1617 antequam
589 1566 662 1602 hac
691 1566 871 1603 custodia
900 1566 1138 1612 exsolvatur,
1168 1580 1257 1603 cum
1286 1569 1381 1603 vitia

187 1647 390 1684 disiecerit
424 1656 623 1694 purusque
657 1656 702 1679 ac
736 1642 833 1680 levis
862 1645 903 1679 in
933 1645 1195 1692 cogitationes
1229 1643 1382 1680 divinas

189 1723 407 1760 emicuerit.

123 1803 170 1840 13
258 1798 349 1834 Hoc
370 1809 441 1833 nos
461 1808 594 1845 agere,
616 1795 743 1832 Lucili
764 1797 975 1840 carissime,
996 1798 1037 1831 in
1058 1794 1132 1832 hoc
1152 1798 1209 1833 ire
1229 1798 1382 1845 impetu

191 1880 291 1921 toto,
323 1874 419 1911 licet
452 1876 566 1922 pauci
602 1875 740 1917 sciant,
774 1871 869 1908 licet
903 1884 1034 1918 nemo,
1068 1875 1187 1910 iuvat.
1248 1872 1384 1909 Gloria

193 1950 331 1987 umbra
346 1951 504 1986 virtutis
524 1953 609 1991 est;
639 1950 760 1984 etiam
780 1949 945 1983 invitam
960 1948 971 1970 1
990 1949 1253 1987 comitabitur.
1303 1947 1382 1986 Sed

247 2074 271 2113 6
504 2023 514 2042 ¹
539 2023 685 2055 invitam
700 2021 797 2055 Velz.
815 2035 824 2059 ;
848 2021 957 2055 invita
974 2021 1074 2055 VPb.

194 2081 244 2114 20
