1434 2333
372 82 487 119 THE
516 82 771 120 EPISTLES
803 81 874 119 OF
903 82 1113 121 SENECA

148 171 317 208 tacenda
351 171 638 207 mandaverint.
700 170 762 207 De
800 171 868 207 illa
906 171 946 208 C.
984 172 1158 208 Caesaris
1197 171 1333 216 caede,

148 233 254 270 illius
292 232 395 279 dico,
433 236 500 282 qui
545 238 730 282 superato
778 233 965 283 Pompeio
1009 247 1093 271 rem
1134 233 1333 283 publicam

150 297 294 339 tenuit,
329 299 412 331 tam
445 295 643 332 creditum
675 300 736 332 est
770 295 888 332 Tillio
922 295 1106 332 Cimbr01
1141 308 1259 345 quam
1293 295 1333 331 C.

151 358 291 393 Cassio.
353 357 506 394 Cassius
527 363 613 394 tota
628 360 709 395 vita
729 371 872 407 aquam
893 358 1006 404 bibit,
1020 357 1158 395 Tillius
1180 358 1339 394 Cimber

151 424 192 456 et
222 422 366 455 nimius
396 425 480 456 erat
509 422 550 455 in
580 422 669 456 vino
699 425 740 457 et
769 419 979 457 scordalus.
1040 420 1087 456 In
1120 420 1221 456 hanc
1255 433 1339 457 rem

151 482 308 519 locutus
329 487 390 519 est
414 485 521 531 ipse:
554 482 705 532 “egos
729 485 873 532 inquit,
894 487 1172 532 “quemquam
1202 483 1340 528 feram,

85 548 130 585 13
152 548 219 595 qui
249 548 383 581 vinum
414 545 517 582 ferre
547 558 628 581 non
657 545 878 594 possum?’'
938 544 1021 582 Sibi
1047 548 1214 594 quisque
1235 558 1341 581 nunc

153 610 333 644 nominet
368 620 447 652 eOS,
482 608 624 657 quibus
659 610 732 644 scit
771 612 812 644 et
851 610 987 644 vinum
1020 607 1124 643 male
1159 607 1266 644 credi
1300 612 1342 643 et

153 683 377 707 sermonem
430 670 547 715 bene,
595 683 718 706 unum
766 675 901 706 tamen
948 670 1190 719 exemplum,
1236 669 1343 719 quod

154 736 324 769 occurrit
357 731 468 777 mihi,
501 731 683 777 referam,
715 745 766 769 ne
805 732 1029 768 intercidat.
1104 731 1343 768 Instruenda

156 800 217 831 est
252 798 358 831 enim
392 797 473 830 vita
512 794 705 843 exemplis
744 794 985 831 inlustribus,
1065 794 1154 829 Non
1188 806 1345 843 semper

157 859 432 909 confugiamus
452 859 502 895 ad
524 864 669 896 vetera.

90 928 136 963 Η
227 922 269 958 L.
296 921 397 967 Piso,
417 922 523 958 urbis
553 927 699 966 custos,
719 921 850 957 ebrius
881 933 930 957 ex
958 934 1036 970 quo
1066 919 1189 957 semel
1219 919 1346 956 factus

158 989 233 1029 est,
284 984 371 1020 fuit.
451 984 643 1020 Maiorem
695 985 821 1019 noctis
874 987 1026 1031 partem
1078 986 1119 1018 in
1170 984 1348 1018 convivio

160 1047 372 1096 exigebat;
411 1059 535 1096 usque
565 1049 605 1081 in
642 1045 776 1081 horam
806 1044 889 1081 fere
920 1050 1072 1082 sextam
1102 1044 1347 1087 dormiebat3

160 1109 234 1145 hoc
257 1112 340 1146 eius
357 1114 440 1145 erat
462 1111 715 1145 matutinum.
766 1107 950 1143 Officium
971 1112 1106 1143 tamen
1128 1120 1255 1152 suum,
1271 1119 1349 1155 quo

161 1172 289 1208 tutela
303 1172 409 1207 urbis
423 1171 715 1215 continebatur,
728 1170 1033 1219 diligentissime
1047 1169 1348 1206 administravit.

165 1234 272 1270 Huic
293 1239 334 1270 et
355 1233 468 1270 divus
493 1233 699 1282 Augustus
724 1232 838 1268 dedit
865 1236 1018 1268 secreta
1038 1231 1238 1276 mandata,
1260 1244 1349 1266 cum

162 1296 275 1332 illum
322 1300 585 1344 praeponeret
630 1294 834 1339 Thraciae,
873 1306 991 1343 quam
1034 1292 1272 1342 perdomuit,
1311 1298 1352 1328 et

165 1358 346 1394 Tiberius
380 1357 631 1406 proficiscens
664 1359 706 1392 in
740 1356 1006 1405 Campaniam,
1039 1368 1128 1391 cum
1156 1354 1283 1391 multa
1312 1357 1352 1390 in

97 1422 143 1458 15
166 1421 263 1456 urbe
293 1426 335 1457 et
365 1425 549 1469 suspecta
578 1419 823 1468 relinqueret
853 1423 894 1454 et
924 1420 1058 1454 invisa.
1120 1417 1233 1461 Puto,
1263 1420 1354 1466 quia

165 1483 221 1519 illi
243 1484 346 1519 bene
363 1487 535 1518 cesserat
554 1481 703 1517 Pisonis
725 1481 908 1524 ebrietas,
926 1484 1063 1529 postea
1080 1479 1242 1516 Cossum
1258 1479 1354 1516 fecit

167 1545 273 1581 urbis
312 1544 572 1594 praefectum,
610 1546 737 1579 virum
776 1555 950 1592 gravem,
988 1541 1252 1587 moderatum,
1285 1540 1355 1577 sed

166 1620 340 1644 mersum
383 1612 425 1643 et
470 1609 560 1642 vino
604 1605 849 1650 madentem,
887 1604 988 1641 adeo
1033 1609 1077 1640 ut
1122 1617 1170 1641 ex
1215 1609 1356 1640 senatu

167 1669 393 1719 aliquando,
427 1672 467 1705 iu
502 1681 621 1718 quem
661 1681 682 1705 e
721 1670 899 1703 convivio
938 1671 1115 1711 venerat,
1148 1666 1357 1715 obpressus

168 1730 414 1769 inexcitabili
441 1743 578 1766 somno
605 1729 824 1766 tolleretur.
885 1728 993 1764 Huic
1020 1733 1156 1764 tamen
1181 1727 1359 1764 Tiberius

175 1802 232 1876 *HJ
261 1801 361 1875 Τὶἶέὶο
381 1799 516 1875 gimbro
535 1798 721 1836 Muretus;
744 1798 799 1830 illi
824 1797 960 1830 Cimbro
977 1797 1032 1834 V;
1055 1796 1152 1828 illinc
1175 1796 1284 1829 *imbro
1309 1797 1359 1833 P;

171 1858 178 1876 l
213 1856 240 1876 16
258 1856 303 1876 ΗΠ
326 1855 364 1875 ΤΟ
408 1869 414 1875 .

223 1929 237 1942 ‘⁴
264 1922 302 1953 In
352 1923 387 1951 ll
434 1931 515 1955 nc„
562 1918 664 1950 when
706 1917 767 1950 the
808 1916 998 1949 Thracians
1042 1927 1133 1948 were
1175 1916 1362 1959 attacking

172 1964 392 1997 Macedonia.
441 1963 516 1994 The
533 1963 721 2004 campaign
740 1960 854 1992 lasted
870 1959 924 1992 for
939 1959 1040 1991 three
1059 1970 1173 2002 years,
1192 1960 1263 1992 and
1282 1960 1362 1993 Piso

171 2019 243 2039 was
262 2006 441 2039 rewarded
460 2006 542 2037 with
560 2016 581 2037 a
597 2004 753 2046 triumph
771 2006 807 2035 at
824 2005 869 2035 its
887 2003 990 2035 close.

177 2059 254 2097 2266
