1434 2333
411 94 526 130 THE
556 92 811 130 EPISTLES
842 92 912 129 OF
942 92 1151 130 SENECA

186 185 424 232 accepimus,
458 181 647 231 quamdiu
681 184 721 217 in
756 194 825 217 sua
857 181 1050 231 qualitate
1082 180 1301 230 perdurant
1334 183 1376 216 et
1431 167 1434 180 ἔ

188 247 312 284 solida
338 250 524 283 innatant
551 245 768 292 stomacho,
788 259 909 283 onera
929 251 1045 290 sunt3
1074 251 1116 283 at
1136 259 1226 282 cum
1247 258 1295 282 ex
1315 258 1376 289 e0,

188 312 295 362 quod
316 317 442 358 erant,
462 317 616 349 mutata
637 317 742 357 sunt,
762 317 849 348 tum
876 312 1038 349 demum
1064 315 1106 348 in
1135 314 1236 348 vires
1266 315 1308 347 et
1335 312 1377 345 in
1432 295 1434 315 Ξ

189 380 425 427 sanguinem
448 382 668 415 transeunt.
730 377 843 415 Idem
872 381 913 414 in
943 378 1016 424 his,
1046 378 1188 428 quibus
1217 376 1379 413 aluntur

188 446 364 494 ingenia,
391 449 651 493 praestemus,
680 449 723 480 ut
752 457 1027 494 quaecumque
1058 444 1272 488 hausimus,
1298 455 1376 478 non

148 514 169 554 7
190 513 387 560 patiamur
406 513 564 559 integra
584 523 683 556 esse,
703 523 755 547 ne
781 510 911 548 aliena
931 513 1021 548 sint.
1081 509 1380 559 Concoquamus

189 576 280 619 illa3
319 575 465 625 alioqui
495 578 536 611 in
565 578 794 612 memoriam
823 576 953 621 ibunt,
982 588 1063 612 non
1092 577 1133 611 in
1161 576 1379 624 ingenium.

193 641 477 678 Adsentiamur
515 640 591 678 illis
629 641 803 679 fideliter
841 647 882 678 et
924 646 1059 678 nostra
1097 640 1299 685 faciamus,
1337 643 1382 675 ut

192 720 317 744 unum
346 706 538 756 quiddam
572 706 639 743 fiat
673 721 721 744 ex
754 707 904 752 multis,
934 710 1035 743 sicut
1064 719 1166 743 unus
1195 718 1383 742 numerus

193 773 237 809 fit
266 785 315 809 ex
345 772 523 821 singulis,
553 785 644 808 cum
672 775 844 810 minores
873 785 1044 809 summas
1074 777 1115 809 et
1144 770 1384 808 dissidentes

193 840 425 887 conputatio
464 851 543 873 una
588 838 849 887 comprendit.
928 838 1018 874 Hoc
1045 837 1186 876 &faciat
1232 838 1385 872 animus

194 908 353 940 noster:
383 906 528 948 omnia,
549 904 692 953 quibus
722 909 783 940 est
811 903 984 949 adiutus,
1004 902 1236 948 abscondat,
1255 904 1386 951 ipsum

153 972 175 1009 8
195 974 353 1006 tantum
380 968 581 1013 ostendat,
602 969 709 1019 quod
736 968 878 1006 effecit.
938 969 1071 1006 Etiam
1091 971 1122 1005 si
1152 970 1262 1004 cuius
1282 970 1324 1003 in
1344 971 1386 1003 te

196 1035 441 1084 comparebit
480 1034 712 1080 similitudo,
751 1048 870 1085 quem
912 1035 1120 1071 admiratio
1158 1034 1231 1070 tibi
1269 1032 1388 1069 altius

197 1101 340 1146 fixerit,
375 1100 543 1137 similem
578 1114 663 1138 esse
703 1106 743 1137 te
782 1102 871 1138 volo
905 1100 1104 1151 quomodo
1137 1100 1274 1144 filium,
1308 1111 1388 1134 non

197 1165 396 1216 quomodo
416 1168 656 1215 imaginem;
686 1169 817 1215 imago
837 1180 898 1203 res
919 1171 1075 1202 mortua
1095 1170 1166 1203 est.

267 1235 291 1252 “
304 1230 413 1277 Quid
434 1231 557 1280 ergo?
589 1231 678 1267 Non
699 1231 974 1281 intellegetur,
991 1234 1101 1267 cuius
1121 1232 1287 1266 imiteris
1307 1241 1390 1264 ora-

201 1300 366 1342 tionem,
393 1299 504 1332 cuius
533 1299 937 1345 argumentationem,
964 1299 1074 1333 cuius
1104 1292 1389 1333 sententias?''

204 1363 304 1398 Puto
333 1361 547 1411 aliquando
574 1375 624 1398 ne
651 1361 834 1411 intellegi
861 1362 1024 1412 quidem
1051 1374 1179 1411 posse,
1205 1363 1237 1397 si
1263 1363 1393 1408 imago

202 1441 294 1465 vera
332 1430 407 1470 sit3
449 1426 548 1463 haee
579 1427 712 1464 eniml
742 1428 938 1473 omnibus,
967 1440 1068 1477 quae
1099 1440 1148 1463 ex
1177 1438 1254 1476 quo
1283 1424 1393 1461 velut

203 1492 420 1541 exemplari
449 1495 583 1538 traxit,
610 1492 775 1528 formam
802 1506 912 1529 suam
941 1495 1139 1542 inpressit,
1166 1496 1211 1527 ut
1240 1493 1279 1526 in
1309 1492 1394 1526 uni—

162 1568 183 1605 9
203 1564 330 1595 tatem
359 1557 426 1594 illa
456 1558 706 1608 conpetant.2
763 1558 853 1594 Non
883 1557 1005 1603 vides,
1033 1571 1151 1607 quam
1179 1556 1395 1593 multorum

205 1625 365 1661 vocibus
404 1623 545 1660 chorus
584 1625 770 1660 constet?
828 1623 940 1660 Unus
969 1629 1107 1661 tamen
1136 1636 1185 1660 ex
1214 1621 1396 1659 omnibus

207 1689 410 1733 redditur;
439 1689 570 1739 aliqua
596 1689 676 1725 illic
703 1694 820 1726 acuta
845 1694 919 1734 est,
945 1689 1077 1739 aliqua
1102 1690 1243 1738 gravis,
1267 1687 1397 1736 aliqua

253 1760 270 1809 ᾖ
294 1759 452 1834 εξῖἰὲζιρο
472 1769 549 1791 vera
565 1759 609 1791 sit
621 1771 634 1797 ‚·
657 1759 737 1791 haec
754 1759 842 1791 enim
865 1758 1035 1800 Madvig;
1057 1758 1088 1790 .ςὶ
1110 1757 1228 1800 maym'
1251 1756 1318 1788 viri
1338 1766 1397 1787 nec

205 1814 294 1835 emm
401 1828 408 1834 .

258 1845 272 1865 ⁴2
295 1849 487 1887 competant
503 1845 591 1877 later
609 1844 710 1878 MSS.
730 1859 738 1883 ;
763 1845 965 1888 conparavit
982 1855 1020 1876 or
1037 1848 1194 1886 conpetat
1210 1842 1314 1875 MSS.

259 1926 275 1940 α
298 1919 373 1951 The
398 1930 495 1951 same
519 1919 632 1962 figure
655 1921 684 1952 is
709 1920 797 1952 used
820 1919 905 1952 with
929 1919 1108 1951 reference
1132 1922 1169 1951 to
1186 1918 1344 1959 reading,
1362 1918 1397 1948 in

207 1963 276 2005 Ep.
297 1964 330 1995 ii.
358 1965 377 1994 2
391 1963 431 1999 f.,
449 1974 519 1994 non
531 1964 672 2005 prodest
690 1963 779 1995 cibus
801 1974 860 1995 *nec
884 1963 1020 2005 corpori
1043 1964 1183 1998 aceedit.
1202 1962 1259 2004 qui
1282 1960 1398 1992 statim

206 2011 363 2048 sumptus
379 2006 558 2043 emittitur,
577 2009 643 2039 etc.

209 2064 286 2095 280
