1434 2333
385 102 500 139 THE
530 100 784 139 EPISTLES
815 99 886 138 OF
913 99 1125 138 SENECA

162 205 286 237 sumo,
315 205 403 227 cum
433 191 592 227 ambulo
622 196 666 227 ut
695 195 867 240 oportet,
898 203 987 226 cum
1026 203 1125 227 ceno
1163 190 1352 241 quemad-

162 256 322 292 modum
361 255 502 301 debeo,
532 270 611 292 non
641 269 739 292 cena
776 260 846 292 aut
879 254 1096 291 ambulatio
1125 260 1195 292 aut
1232 258 1353 293 vestis

162 322 265 357 bona
295 326 399 365 sunt,
420 321 490 357 sed
519 334 653 357 meum
682 323 722 356 111
752 323 798 357 115
828 323 1074 370 propositum
1101 322 1293 357 servantis
1313 323 1354 356 in

98 393 143 428 12
163 399 318 436 quaque
339 399 381 422 re
401 389 543 422 rationi
565 389 869 423 convenientem
892 385 1064 423 modum.
1115 385 1355 422 Etiamnunc

163 451 356 487 adiciam:
413 451 586 488 mundae
633 454 754 488 vestis
811 451 957 488 electio
1008 451 1237 501 adpetenda
1294 455 1356 488 est

165 515 325 552 homini.
386 516 537 553 Natura
566 519 673 553 enim
713 516 830 553 homo
868 516 1088 553 1111111(1111111
1119 522 1161 553 et
1195 517 1357 565 elegans

165 581 311 617 animal
350 586 420 618 est.
481 581 622 632 Itaque
652 595 732 618 non
763 587 825 619 est
857 582 1006 618 bonum
1036 595 1107 631 per
1135 595 1176 618 se
1209 581 1358 618 munda

166 649 300 692 vestis,
330 646 400 683 sed
432 647 603 684 mundae
643 650 763 684 vestis
802 647 960 692 electio,
999 650 1091 697 quia
1128 660 1208 683 non
1237 650 1278 683 in
1316 660 1358 683 re

168 713 316 749 bonum
336 717 410 757 est,
431 712 501 749 sed
523 715 563 748 in
588 712 785 749 electione
812 712 928 762 quali.
988 713 1180 749 Actiones
1200 717 1359 749 nostrae

102 781 148 817 13
169 777 360 813 honestae
394 781 500 821 sunt,
534 789 614 813 non
651 780 735 826 ipsa
772 790 873 826 quae
911 782 1095 826 aguntur.
1154 775 1273 823 Quod
1311 776 1361 812 de

170 847 279 878 veste
319 841 410 886 dixi,
453 841 559 878 idem
597 855 661 878 me
701 841 834 878 dicere
874 841 924 878 de
963 855 1125 891 corpore
1165 844 1358 879 existima.

172 907 272 942 Nam
294 906 367 942 hoc
397 920 554 956 quoque
584 912 725 944 natura
760 912 802 944 ut
829 907 1029 957 quandam
1048 911 1202 944 vestem
1231 909 1362 943 animo

171 972 460 1016 circumdedit3
508 972 777 1009 velamentum
821 975 906 1009 eius
953 978 1025 1010 est.
1084 971 1183 1017 Quis
1226 976 1362 1008 autem

172 1050 357 1087 umquam
380 1040 619 1074 vestimenta
645 1041 869 1074 aestimavit
889 1037 1021 1074 arcula
1038 1039 1052 1073 ?
1111 1037 1194 1074 Nec
1215 1037 1362 1073 bonum

172 1115 245 1138 nec
267 1102 413 1138 malum
442 1105 584 1152 vagina
613 1102 790 1152 gladium
820 1102 925 1140 facit.
986 1103 1091 1152 Ergo
1121 1102 1171 1139 de
1201 1114 1363 1151 corpore

173 1180 330 1217 quoque
368 1167 475 1204 idem
514 1169 586 1204 tibi
625 1168 872 1218 respondeo:
913 1173 1163 1217 sumpturum
1201 1166 1364 1217 quidem

174 1246 250 1277 me,
280 1235 310 1268 si
349 1232 467 1269 detur
495 1233 652 1278 electio,
683 1238 725 1270 et
758 1236 971 1270 sanitatem
1001 1238 1043 1270 et
1072 1236 1186 1278 vires,
1216 1233 1364 1268 bonum

174 1303 309 1334 autem
328 1297 506 1334 futurum
533 1298 722 1334 iudicium
743 1298 793 1335 de
814 1298 891 1335 illis
911 1311 1058 1343 meum,
1078 1310 1159 1333 non
1178 1300 1271 1346 ipsa.

109 1364 155 1401 14
241 1367 265 1383 “
279 1363 352 1399 Est
371 1363 570 1412 quidem,”
594 1366 737 1413 inquit,
759 1367 783 1384 “
797 1366 952 1413 sapiens
976 1363 1140 1406 beatus;
1170 1374 1367 1399 summum

176 1433 311 1465 tamen
350 1428 447 1464 illud
491 1429 640 1464 bonum
683 1442 762 1464 non
811 1431 1078 1478 consequitur,
1117 1430 1191 1464 nisi
1230 1426 1286 1463 illi
1325 1432 1367 1464 et

178 1493 371 1529 naturalia
402 1496 667 1530 instrumenta
696 1494 975 1543 respondeant.
1036 1493 1098 1529 Ita
1135 1495 1254 1529 miser
1282 1494 1368 1542 qui-

178 1558 269 1595 dem
291 1572 389 1604 esse,
410 1562 475 1609 qui
497 1562 687 1596 virtutem
703 1558 839 1604 habet,
852 1572 932 1595 non
952 1564 1099 1608 potest,
1119 1558 1370 1594 beatissimus

178 1628 313 1660 auten]
343 1637 422 1660 11011
452 1630 526 1670 est,
550 1627 617 1674 qui
646 1624 891 1661 naturalibus
921 1624 1034 1660 bonis
1063 1623 1297 1660 destituitur
1326 1627 1371 1658 ut

113 1698 158 1734 15
180 1689 414 1735 valitudine,
443 1695 488 1726 ut
521 1690 788 1726 membrorum
822 1688 1095 1738 integritate.”
1155 1686 1273 1733 Quod
1311 1690 1370 1723 in-

180 1754 406 1791 credibilius
436 1754 606 1800 videtur,
626 1754 667 1791 id
697 1755 895 1800 concedis,
919 1754 1092 1804 aliquem
1122 1756 1162 1789 in
1191 1754 1371 1789 maximis

181 1823 222 1855 et
243 1822 440 1855 continuis
470 1820 671 1856 doloribus
700 1833 781 1856 11011
801 1833 887 1857 6556
916 1822 1117 1864 miserum,
1145 1831 1229 1855 6556
1250 1820 1371 1854 etiam

181 1883 370 1927 beatum3
404 1885 511 1934 quod
539 1885 665 1922 levius
697 1890 771 1931 est,
800 1898 936 1934 negas,
967 1885 1239 1921 beatissimum
1273 1895 1370 1920 esse.

417 2025 425 2043 ¹
453 2025 615 2057 mundum
632 2025 720 2057 later
738 2024 840 2057 MSS.
861 2038 869 2061 ς
895 2025 1041 2057 »tiendus
1060 2023 1134 2056 BA.

184 2081 261 2114 454
