1434 2333
384 119 500 156 THE
530 117 784 155 EPISTLES
815 117 886 154 OF
915 117 1124 155 SENECA

160 214 203 245 et
222 208 340 245 altius
356 212 519 257 urgeret
534 209 766 256 inpressum.
819 206 930 243 Inter
945 206 1044 243 haec
1059 212 1196 244 tamen
1210 207 1351 256 aliquis

161 295 241 318 non
262 283 427 330 gemuit.
487 284 510 301 “
526 279 668 316 Parum
690 285 751 317 est
766 279 812 323 ”3
842 292 922 316 non
948 282 1111 330 rogavit.
1171 284 1196 300 ‘⁶
1210 280 1352 316 Parum

162 360 223 393 est
237 355 258 367 '’
276 367 284 399 3
314 368 395 390 non
411 353 627 404 respondit.
679 357 702 374 “
720 353 860 389 Parum
877 358 937 390 est
951 353 972 364 '’
990 366 999 397 ;
1028 356 1113 390 risit
1134 358 1175 391 et
1191 353 1351 404 quidem

163 442 212 466 ex
232 431 374 464 animo.
434 427 502 464 Vis
523 432 567 464 tu
588 432 677 477 post
698 427 772 463 hoc
793 426 971 464 dolorem
991 426 1202 464 deridere?

95 508 145 544 20
232 507 255 524 “
269 502 349 539 Sed
375 501 514 547 nihil,”
543 504 686 552 inquit,
707 505 864 551 “agere
891 503 985 538 sinit
1004 501 1177 547 morbus,
1198 503 1265 551 qui
1291 514 1355 538 me

164 576 347 614 omnibus
384 575 551 612 abduxit
589 573 761 611 officiis.'’
834 574 983 623 Corpus
1023 579 1137 611 tuum
1170 574 1357 612 valetudo

165 655 295 696 tenet,
333 662 414 686 non
452 654 494 686 et
531 651 717 685 animum.
798 648 937 698 Itaque
981 651 1146 685 cursoris
1184 654 1360 686 moratur

166 724 303 774 pedes,
332 725 475 760 sutoris
504 727 573 758 aut
602 721 701 758 fabri
731 734 870 758 manus
904 722 1109 771 inpediet3
1141 725 1172 759 si
1205 726 1359 760 animus

167 799 241 835 tibi
262 810 347 834 esse
368 799 409 832 in
429 809 501 832 usu
518 795 633 840 solet,
650 795 833 832 suadebis
854 795 1028 841 docebis,
1044 796 1182 834 audies
1202 796 1359 842 disces,l

168 880 334 919 quaeres
360 866 639 903 recordaberis.
699 864 807 910 Quid
837 868 981 915 porro?
1038 866 1148 903 Nihil
1175 880 1294 917 agere
1320 872 1361 904 te

169 941 310 986 credis,
340 942 371 977 si
400 945 629 988 temperans
658 951 778 988 aeger
811 940 889 976 sis?
946 939 1148 977 Ostendes
1182 941 1363 978 morbum

103 1018 150 1056 21
171 1027 286 1065 posse
315 1015 490 1063 superari
518 1012 581 1049 vel
608 1017 716 1049 certe
744 1015 940 1049 sustineri.
1000 1013 1085 1059 Est,
1106 1014 1203 1051 mihi
1232 1015 1365 1061 crede,

171 1090 310 1125 virtuti
338 1090 458 1124 etiam
485 1089 525 1122 in
551 1085 700 1123 lectulo
721 1086 840 1122 loeus.
902 1087 992 1123 Non
1018 1092 1176 1125 tantum
1197 1102 1304 1125 arma
1325 1094 1367 1127 et

172 1165 276 1199 acies
293 1161 390 1198 dant
406 1165 642 1210 argumenta
662 1160 800 1196 alacris
815 1163 937 1197 animi
957 1161 1221 1212 indomitique
1243 1168 1366 1200 terro-

173 1235 305 1278 ribus3
336 1239 377 1271 et
404 1236 444 1270 in
473 1236 722 1270 vestimentis
753 1236 810 1270 vir
838 1233 950 1271 fortis
978 1241 1154 1284 apparet.
1216 1238 1367 1283 Habes,

175 1309 282 1359 quod
316 1321 432 1358 agas:
467 1308 570 1344 bene
604 1307 755 1344 luctare
790 1321 880 1344 cum
914 1310 1060 1346 morbo.
1120 1310 1160 1347 Si
1194 1311 1296 1348 nihil
1327 1317 1368 1349 te

177 1385 368 1431 coegerit,
384 1384 415 1417 si
436 1380 534 1417 nihil
551 1384 784 1426 exoraverit,
801 1384 957 1432 insigne
974 1383 1106 1432 prodis
1127 1385 1366 1434 exemplum.

178 1457 214 1494 O
242 1469 360 1506 quam
387 1468 531 1504 magna
558 1460 642 1491 erat
672 1454 820 1504 gloriae
845 1459 1022 1502 materia,
1043 1461 1073 1494 si
1101 1463 1372 1507 spectaremur

178 1531 308 1580 aegri!
369 1529 459 1578 Ipse
480 1534 521 1566 te
543 1528 709 1578 specta,2
729 1532 813 1578 ipse
834 1534 875 1566 te
896 1530 1023 1568 lauda.

113 1618 160 1655 22
251 1604 459 1640 Praeterea
475 1602 553 1639 duo
570 1615 718 1652 genera
734 1608 827 1640 sunt
843 1604 1104 1653 voluptatum.
1143 1607 1373 1657 Corporales

181 1678 340 1714 morbus
368 1676 539 1721 inhibet,
559 1689 639 1712 non
668 1680 804 1713 tamen
833 1677 950 1714 tollit.
1016 1678 1156 1725 Immo,
1177 1683 1207 1716 si
1238 1694 1373 1718 verum

181 1754 381 1795 aestimes,
426 1751 593 1792 incitat3
639 1752 765 1799 magis
810 1753 918 1788 iuvat
962 1752 1099 1790 bibere
1145 1757 1372 1800 sitientem3

472 1843 481 1863 ¹
508 1844 612 1876 disces
628 1843 716 1876 later
733 1843 835 1878 MSS.
854 1859 862 1882 ς
886 1846 974 1878 dices
990 1847 1090 1881 VPb.

440 1886 453 1906 2
475 1891 588 1929 specta
606 1887 694 1919 later
710 1887 812 1921 MSS.
831 1902 840 1926 ς
864 1894 998 1931 ε.ιῬε’(·ἰα
1015 1890 1116 1924 VPb.

236 1999 251 2012 ⁴¹
278 1991 332 2033 Cf.
359 1990 428 2032 Ep.
451 1990 520 2021 xiv.
546 1992 566 2020 4-
581 1989 605 2022 f.
633 1989 704 2022 and
727 1989 788 2022 the
812 1991 965 2023 crucibus
988 1994 1106 2035 aslfire',
1121 1995 1269 2037 flamma
1293 1996 1374 2034 usti,

183 2039 267 2072 etc.⁹
285 2034 326 2066 of
338 2033 420 2065 Tac.
441 2033 538 2064 Anu.
558 2043 614 2065 xv.
634 2035 685 2066 44.

189 2092 264 2131 194
