1434 2333
406 106 521 142 THE
551 103 805 141 EPISTLES
834 103 905 140 OF
935 103 1144 140 SENECA

185 196 274 232 Hoc
306 195 381 231 fuit
415 197 532 230 morti
566 194 848 231 contumeliam
882 193 1022 230 facere.
1096 193 1158 230 Ita
1191 206 1370 243 prorsus;

183 271 318 306 parum
348 257 494 293 munde
522 261 563 293 et
590 269 727 306 parum
757 255 971 298 decenter3
1000 255 1095 305 quid
1125 261 1186 293 est
1211 256 1371 293 stultius

115 324 161 362 21
184 333 301 369 quam
325 318 528 355 fastidiose
555 319 682 354 mori?
739 317 775 354 O
808 320 933 353 virum
957 316 1114 363 fortem,
1141 331 1163 354 o
1193 317 1372 367 dignum,

185 383 247 417 cui
277 380 348 417 fati
378 380 540 417 daretur
569 380 735 417 electio!
794 378 924 425 Quam
955 379 1112 416 fortiter
1142 379 1209 416 ille
1240 379 1373 429 gladio

184 457 276 480 usus
293 448 410 488 esset,
425 456 543 493 quam
558 445 733 479 animose
749 445 790 478 in
810 441 1047 490 profundam
1063 454 1104 478 se
1120 441 1375 478 altitudinem

186 508 301 542 maris
321 510 390 542 aut
414 505 588 541 abscisae
613 507 719 553 rupis
743 503 979 540 inmisisset!
1040 503 1227 553 Undique
1254 504 1375 541 desti—

186 573 296 605 tutus
313 570 479 613 invenit,
493 566 828 617 quemadmodum
845 571 887 603 et
901 570 1070 603 mortem
1087 566 1160 602 sibi
1175 565 1351 602 deferret
1364 566 1376 589 1

187 635 228 667 et
249 631 388 675 telum,
409 635 454 666 ut
481 632 578 666 scias
604 629 654 665 ad
681 627 931 665 moriendum
951 627 1051 664 nihil
1077 628 1185 664 aliud
1211 631 1250 664 in
1272 641 1379 664 mora

187 705 272 729 esse
311 705 429 742 quam
468 691 580 728 velle.
659 691 922 727 Existimetur
968 690 1017 726 de
1056 689 1162 726 facto
1209 689 1379 726 hominis

187 757 379 799 acerrimi,
414 759 458 790 ut
497 757 639 803 cuique
678 756 803 789 visum
843 755 932 798 erit,
966 752 1061 789 dum
1095 752 1170 788 hoc
1208 757 1380 798 constet,

188 817 491 866 praeferendam
530 829 615 853 esse
664 817 953 864 spurcissimam
990 819 1161 852 mortem
1199 817 1381 852 servituti

190 879 481 916 mundissimae.

123 942 144 978 [0

151 942 171 976 [ὓ

257 942 456 987 Quoniam
478 943 590 989 coepi
615 939 781 977 sordidis
802 939 995 988 exemplis
1016 942 1088 984 uti,
1108 940 1379 988 perseverabo.

192 1004 283 1041 Plus
314 1007 420 1040 enim
446 1018 468 1039 a
495 1017 535 1039 se
565 1005 731 1052 quisque
762 1004 910 1050 exiget,
936 1004 966 1037 si
995 1001 1139 1038 viderit
1168 1001 1270 1038 hane
1298 1015 1382 1038 rem

191 1069 311 1102 etiam
346 1079 368 1101 a
402 1066 752 1113 contemptissimis
786 1076 900 1112 posse
934 1066 1148 1100 contemni.
1212 1063 1382 1100 Catones

191 1128 475 1177 Scipionesque
505 1131 547 1163 et
576 1126 685 1171 alios,
712 1138 809 1175 quos
838 1125 973 1162 audire
1003 1139 1091 1162 cum
1122 1125 1382 1162 admiratione

191 1192 479 1234 consuevimus,
518 1202 634 1238 supra
675 1190 940 1224 imitationem
983 1190 1131 1236 positos
1174 1193 1383 1237 putamus3

191 1256 268 1289 iam
297 1266 372 1301 ego
401 1254 517 1288 istam
547 1254 737 1287 virtutem
765 1249 912 1286 habere
942 1255 1024 1286 tam
1048 1250 1173 1286 multa
1200 1250 1383 1300 exempla

191 1318 231 1351 in
280 1315 374 1351 ludo
422 1315 606 1350 bestiario
654 1325 771 1362 quam
817 1315 858 1348 in
905 1312 1071 1348 ducibus
1118 1312 1214 1349 belli
1261 1313 1384 1349 civilis

126 1376 174 1412 23
193 1377 411 1413 ostendam.
472 1376 571 1412 Cum
600 1374 866 1411 adveheretur
894 1387 1022 1423 nuper
1050 1377 1155 1411 inter
1185 1375 1383 1412 custodias

192 1439 353 1489 quidam
373 1438 423 1475 ad
443 1441 685 1474 matutinum
707 1437 978 1485 spectaculum
1004 1439 1157 1482 missus,
1181 1442 1382 1487 tamquam

194 1515 330 1537 somno
365 1505 573 1550 premente
608 1504 782 1543 nutaret,
818 1504 937 1547 caput
971 1512 1095 1549 usque
1130 1513 1177 1536 eo
1211 1499 1383 1546 demisit,

193 1564 320 1600 donec
354 1563 471 1599 radiis
505 1565 712 1604 insereret,
746 1565 788 1597 et
823 1560 974 1597 tamdiu
1009 1574 1049 1598 se
1088 1564 1128 1597 in
1167 1562 1280 1598 sedili
1314 1575 1383 1598 suo

193 1628 338 1669 tenuit,
368 1625 495 1661 donec
530 1626 724 1660 cervicem
758 1625 998 1659 circumactu
1028 1628 1137 1660 rotae
1167 1624 1381 1672 frangeret.

194 1686 347 1724 Eodem
367 1685 562 1731 vehiculo,
583 1698 660 1734 quo
681 1684 731 1720 ad
752 1697 921 1733 poenam
941 1685 1155 1730 ferebatur,
1177 1685 1326 1735 effugit.

126 1748 175 1784 24
263 1749 371 1785 Nihil
419 1749 551 1785 obstat
594 1759 800 1796 erumpere
840 1752 882 1783 et
924 1750 1031 1783 exire
1070 1750 1258 1796 cupienti.
1337 1748 1383 1784 In

478 1844 487 1862 ¹
512 1844 657 1886 ‹ider-ret
676 1842 822 1879 Hense;
846 1842 974 1874 deberet
992 1842 1095 1876 MSS.

248 1938 262 1951 ‘³
290 1930 451 1963 Custodia
486 1931 520 1961 in
552 1929 612 1961 the
650 1938 753 1960 sense
787 1928 827 1960 of
863 1930 1059 1970 “prisoner
1071 1929 1089 1939 ”
1119 1929 1290 1969 (abstract
1328 1929 1383 1962 for

195 1976 371 2013 concrete)
396 1975 425 2005 is
452 1984 474 2005 a
503 1972 789 2015 post-Augustan
819 1981 937 2013 usage.
1001 1971 1068 2004 See
1099 1973 1167 2015 Ep.
1195 1984 1226 2005 v.
1255 1975 1285 2011 7,
1311 1973 1381 2005 and

196 2017 387 2050 Summers'
404 2019 497 2048 note.

197 2069 246 2106 68
