1434 2333
378 100 494 136 THE
525 99 780 137 EPISTLES
810 100 881 136 OF
911 100 1122 138 SENECA

155 187 334 224 hostibus
356 190 433 224 suis
454 190 643 236 imparem
666 187 865 231 reddidit3
894 187 993 225 haec
1013 188 1214 226 crudelem
1235 189 1344 233 fecit,

155 255 245 277 cum
275 244 405 289 capita
434 243 658 290 principum
687 244 858 278 civitatis
892 245 1052 278 cenanti
1086 242 1343 287 referrentur,

156 308 245 330 curn
266 297 372 330 inter
391 297 708 343 apparatissimas
729 295 865 344 epulas
888 295 1083 345 luxusque
1104 296 1258 345 regales
1278 309 1345 332 ora

156 361 199 383 ac
239 361 378 384 manus
416 351 726 397 proscriptorum
770 355 1086 398 recognosceret,
1125 363 1214 386 cum
1253 353 1344 386 vino

156 404 284 450 gravis
318 404 447 438 sitiret
480 407 615 438 tamen
651 405 895 451 sanguinem.
956 402 1212 440 Intolerabile
1247 408 1344 447 erat,

156 455 262 504 quod
297 455 427 491 ebrius
461 455 594 500 fiebat,
629 469 718 492 cum
758 455 855 493 haec
889 456 1061 499 faceret3
1104 462 1254 506 quanto
1286 460 1345 493 in-

155 508 414 553 tolerabilius,
448 509 554 558 quod
593 508 691 545 haec
724 513 765 545 in
798 513 882 559 ipsa
916 511 1111 547 ebrietate
1150 510 1342 547 faciebat!

87 562 134 598 26
159 562 256 599 Fere
285 562 545 599 vinolentiam
575 563 788 599 crudelitas
817 566 1020 613 sequitur;
1050 566 1212 600 vitiatur
1237 567 1344 600 enim

157 621 490 665 exasperaturque
508 619 653 653 sanitas
669 620 827 654 mentis.
880 617 936 653 Ut
952 617 1136 667 querulos
1151 617 1345 654 difficiles-

156 670 259 719 quel
281 669 432 706 faciunt
459 669 604 706 diutini
630 671 755 706 morbi
786 676 826 707 et
855 670 905 707 ad
934 674 1138 707 minimam
1162 671 1345 708 rabidos2

156 723 426 767 offensionem,
447 726 503 759 ita
529 724 743 761 ebrietates
764 727 976 761 continuae
998 724 1163 761 efferant
1183 728 1344 761 animos.

158 777 259 813 Nam
276 790 365 813 cum
381 790 499 826 saepe
512 777 618 826 apud
634 791 675 814 se
691 791 770 813 non
787 778 896 823 sint,3
909 778 1155 815 consuetudo
1171 782 1347 816 insaniae

157 830 275 867 durat
295 835 337 866 et
351 831 365 854 4
385 833 481 867 vitia
500 834 591 866 vino
612 836 806 880 concepta
827 834 945 868 etiam
969 835 1053 868 sine
1073 832 1142 868 illo
1161 832 1307 868 valent.

89 885 135 922 27
226 884 301 920 Dic
331 897 438 933 ergo,
468 897 588 933 quare
618 888 773 933 sapiens
803 898 883 921 non
912 885 1059 922 debeat
1088 886 1219 922 ebrius
1248 885 1341 922 fieri.

159 937 468 974 Deformitatem
497 941 554 974 rei
584 943 625 974 et
658 941 991 987 inportunitatem
1020 939 1187 976 ostende
1216 940 1347 984 rebus,

157 1005 236 1027 non
265 992 402 1028 verbis.
463 990 581 1037 Quod
610 991 843 1028 facillimum
873 998 946 1038 est,
968 993 1089 1042 proba
1118 996 1224 1038 istas,
1245 1006 1347 1043 quae

158 1045 384 1094 voluptates
431 1050 634 1091 vocantur,
678 1046 744 1082 ubi
791 1046 1125 1083 transcenderunt
1158 1046 1347 1092 modum,

157 1112 304 1148 poenas
321 1112 417 1135 esse.
469 1099 571 1135 Nam
592 1102 623 1135 si
643 1099 741 1136 illud
757 1101 1110 1148 argumentaberis,
1127 1103 1348 1150 sapientem

158 1152 285 1189 multo
324 1156 414 1188 vino
448 1153 634 1190 inebriari
673 1159 715 1190 et
753 1157 927 1190 retinere
961 1160 1115 1190 rectum
1154 1160 1348 1199 tenorem,

159 1209 280 1243 etiam
314 1209 344 1241 si
378 1206 626 1243 temulentus
661 1209 735 1250 sit3
773 1206 868 1243 licet
898 1207 1060 1256 colligas
1089 1221 1164 1244 nec
1193 1221 1348 1244 veneno

159 1265 253 1308 poto
277 1262 511 1296 moriturum
538 1273 612 1296 nec
639 1273 778 1309 sopore
805 1266 964 1310 sumpto
990 1261 1253 1298 dormiturum
1273 1274 1348 1297 nec

159 1313 333 1349 elleboro
371 1318 551 1362 accepto,
589 1314 779 1363 quicquid
823 1317 864 1350 in
903 1315 1116 1351 visceribus
1154 1314 1349 1360 haerebit,

159 1370 379 1403 eiecturum
400 1367 740 1416 deiecturumque.
790 1367 870 1404 Sed
891 1371 922 1403 si
941 1373 1193 1417 temptantur
1214 1368 1349 1417 pedeS,

190 1470 201 1489 ¹
226 1475 263 1502 ut
303 1471 437 1502 nendos
453 1470 666 1512 difficilesque
685 1469 854 1511 Madvig:
878 1482 973 1512 quem
987 1470 1201 1512 clffc¹ilesqzce
1217 1470 1315 1503 VPb.

279 1482 299 1532 Z-
322 1513 460 1545 rabidos
478 1513 626 1554 Haupt;
650 1513 767 1544 radios
783 1513 892 1549 VPb;
918 1513 1054 1545 babidos
1071 1513 1158 1555 Arg.
1180 1514 1212 1546 b.

467 1557 479 1575 ³
502 1556 572 1588 sint
587 1556 676 1588 later
693 1555 794 1588 MSS.
813 1569 821 1592 ς
845 1561 922 1587 sunt
940 1556 1036 1588 VPb.

213 1600 225 1619 ⁴
249 1601 355 1631 durat
373 1604 403 1631 et
419 1599 573 1631 Wolters
588 1613 596 1636 ;
620 1600 761 1636 durata,
780 1600 939 1634 dumeta,
958 1610 997 1630 or
1013 1600 1118 1631 durat
1135 1611 1174 1631 aa
1192 1599 1294 1632 MSS.

213 1726 226 1738 ‘¹
253 1723 276 1736 ‘⁶
288 1718 437 1760 Antony
453 1729 543 1759 gave
560 1717 679 1749 orders
697 1720 734 1749 to
749 1717 852 1749 those
873 1716 953 1749 that
970 1728 1060 1748 were
1075 1720 1113 1749 to
1130 1716 1192 1748 kill
1212 1716 1348 1752 Cicero,

160 1765 197 1793 to
217 1764 277 1793 cut
298 1762 350 1794 off
369 1761 424 1794 his
446 1761 538 1793 head
559 1761 630 1792 and
652 1761 746 1802 right
767 1760 863 1792 hand
888 1786 894 1792 .
925 1786 931 1792 .
960 1785 967 1792 .
998 1773 1006 1798 ;
1030 1760 1113 1797 and,
1137 1760 1239 1792 when
1263 1760 1349 1802 they

161 1815 251 1837 were
264 1805 418 1846 brought
431 1804 552 1837 before
565 1804 649 1841 him,
666 1804 710 1835 he
723 1803 894 1845 regarded
907 1803 1004 1835 them
1013 1803 1180 1845 joyfully,
1195 1803 1351 1845 actually

161 1848 325 1889 bursting
348 1851 410 1880 out
433 1858 529 1880 more
553 1847 639 1879 than
664 1858 752 1879 once
776 1849 849 1879 into
874 1846 1049 1887 laughter‚
1074 1846 1157 1883 and,
1180 1846 1282 1878 when
1306 1846 1351 1878 he

162 1891 232 1923 had
257 1891 410 1923 satiated
433 1890 579 1923 himself
599 1890 683 1922 with
706 1890 767 1922 the
788 1889 883 1931 sight
899 1890 940 1921 of
959 1889 1070 1926 them,
1088 1889 1236 1921 ordered
1253 1889 1350 1922 them

161 1937 198 1965 to
222 1934 266 1966 be
290 1934 388 1976 hung
411 1945 459 1976 up
485 1960 491 1966 .
521 1960 527 1967 .
557 1959 562 1965 .
588 1935 622 1965 in
646 1933 707 1965 the
731 1933 869 1965 forum''
884 1931 1066 1974 (Clough's
1090 1933 1299 1965 translation
1317 1933 1357 1964 of

163 1976 358 2009 Plutarch's
375 1978 531 2019 Antony,
550 1988 582 2019 p.
606 1978 690 2017 IN).

213 2021 225 2039 ὁ
249 2021 282 2052 A
303 2020 402 2061 plant
423 2020 536 2052 which
561 2019 749 2061 possessed
773 2019 944 2052 cathartic
969 2020 1164 2061 properties
1186 2018 1258 2050 and
1281 2029 1351 2051 was

163 2074 239 2110 274
