1434 2333
381 103 497 139 THE
527 102 781 139 EPISTLES
811 101 882 138 OF
912 101 1122 139 SENECA

156 192 324 237 infusae,
344 190 451 241 quod
471 195 694 240 opportune
715 190 799 227 dati
818 190 928 227 mille
948 190 1110 228 denarii.
1171 191 1344 228 Multum

159 267 265 302 enim
303 267 484 310 interest,
519 263 726 301 donaveris
764 277 815 300 an
852 266 1100 310 succurreris,
1135 267 1347 301 servaverit

158 338 271 374 illum
310 342 379 374 tua
414 337 631 374 liberalitas
669 350 719 373 an
756 340 997 375 instruxerit.
1075 336 1203 386 Saepe
1241 337 1348 386 quod

159 412 289 457 datur,
315 414 503 461 exiguum
534 416 608 457 est,
635 411 741 462 quod
771 414 950 462 sequitur
979 424 1027 448 ex
1057 424 1116 457 eo,
1145 424 1345 460 magnum.

159 486 367 532 Quantum
400 490 535 522 autem
570 487 772 522 existimas
805 488 1010 531 interesse,
1041 489 1175 521 utrum
1208 485 1349 534 aliquis

160 558 266 609 quod
305 558 418 595 derat
455 572 477 594 a
515 558 586 603 se,1
626 558 733 608 quod
771 558 1011 607 praestabat,
1049 561 1262 608 sumpserit
1299 572 1349 595 an

159 632 400 670 beneficium
424 635 626 681 acceperit
645 637 690 669 ut
710 632 852 669 daret?

92 700 139 737 15
228 706 308 744 Sed
336 719 388 744 ne
417 709 458 742 in
488 706 641 752 eadem,
668 719 769 756 quae
800 709 892 742 satis
922 709 1085 743 scrutati
1115 719 1260 752 sumus,
1291 719 1350 743 re-

161 781 372 817 volvamur.
434 779 480 816 In
507 779 580 816 hac
607 783 888 829 conparatione
915 779 1098 816 beneficii
1118 785 1160 817 et
1185 782 1351 817 iniuriae

160 857 218 890 vir
251 854 377 891 bonus
406 853 598 890 iudicabit
627 853 789 903 quidem
818 854 925 903 quod
955 857 1029 890 erit
1058 856 1352 903 aequissimum,

162 928 232 965 sed
252 927 447 965 beneficio
466 928 640 971 favebit3
671 930 711 963 in
732 927 834 964 hanc
855 930 931 964 erit
957 932 1111 976 partem
1131 927 1351 977 proclivior.

96 1004 142 1040 16
165 1002 382 1039 Plurimum
415 1007 550 1039 autem
578 1004 771 1038 momenti
801 1015 969 1051 persona
998 1001 1100 1038 solet
1127 1001 1283 1039 adferre
1312 1005 1354 1038 in

164 1076 280 1112 rebus
310 1075 525 1112 eiusmodi:
557 1075 741 1112 “dedisti
770 1074 867 1111 mihi
897 1075 1134 1112 beneficium
1160 1078 1201 1112 in
1228 1089 1353 1122 serVO,

163 1152 346 1186 iniuriam
375 1149 506 1186 fecisti
536 1152 576 1185 in
607 1154 730 1198 patre.
790 1148 963 1186 Servasti
991 1149 1089 1185 mihi
1118 1149 1254 1195 filium,
1285 1151 1355 1187 sed

164 1228 317 1273 patrem
330 1223 344 1246 2
360 1222 596 1259 abstulisti.''
645 1222 735 1258 Alia
749 1221 952 1271 deinceps,
968 1235 1039 1271 per
1054 1235 1155 1272 quae
1175 1224 1356 1272 procedit

164 1299 290 1334 omnis
312 1296 496 1342 conlatio,
517 1301 780 1346 prosequetur
800 1301 854 1341 et,
875 1299 905 1332 si
926 1296 1113 1345 pusillum
1140 1300 1228 1342 erit,
1249 1298 1355 1348 quod

165 1374 335 1417 intersit,
366 1370 640 1408 dissimulabit.
700 1370 833 1406 Etiam
862 1373 893 1406 si
921 1370 1094 1407 multum
1123 1370 1256 1417 fuerit,
1286 1372 1358 1409 sed

165 1449 196 1482 si
217 1446 258 1482 id
278 1445 415 1482 donari
436 1445 541 1482 salva
561 1447 713 1493 pietate
734 1457 778 1480 ac
799 1439 876 1480 fide
902 1447 1061 1493 poterit,
1082 1447 1287 1489 remittet3
1316 1445 1357 1482 id

99 1522 144 1558 17
167 1525 241 1565 est,
263 1522 293 1555 si
315 1519 364 1555 ad
391 1521 519 1568 ipsum
546 1523 632 1555 tota
658 1518 877 1567 pertinebit
903 1520 1053 1554 iniuria.
1113 1517 1275 1555 Summa
1301 1522 1358 1556 rei

167 1593 264 1630 haec
289 1597 373 1629 est:
403 1591 527 1628 facilis
555 1594 630 1628 erit
659 1593 700 1627 in
726 1591 1004 1627 conmutando.
1066 1591 1243 1628 Patietur
1269 1592 1358 1642 plus

166 1668 340 1716 inputari
357 1666 440 1702 sibi.
497 1665 650 1701 Invitus
665 1663 903 1701 beneficium
919 1677 990 1713 per
1005 1668 1356 1714 conpensationem

167 1742 333 1776 iniuriae
375 1738 512 1775 solvet.
590 1737 639 1774 In
679 1737 781 1774 hanc
823 1743 978 1787 partem
1022 1738 1243 1784 inclinabit,
1280 1739 1358 1776 huc

168 1817 320 1861 verget,
360 1817 404 1848 ut
443 1814 577 1860 cupiat
620 1811 768 1848 debere
807 1814 987 1860 gratiam,
1026 1815 1160 1861 cupiat
1197 1812 1355 1850 referre.

224 1925 234 1944 ³
259 1925 357 1956 derat
374 1935 393 1955 α
411 1935 443 1955 se
461 1923 582 1955 Haase
597 1937 605 1961 ς
629 1924 750 1955 derata
766 1924 823 1955 sed
839 1922 926 1960 VP;
950 1923 1090 1955 dederat
1105 1925 1163 1957 sed
1178 1924 1223 1962 b;
1247 1925 1357 1961 daret,

169 1979 191 1998 a
207 1978 250 2004 se,
270 1968 360 2010 quod
371 1971 511 2008 praesto
527 1971 601 1999 erat
617 1965 774 2008 Madvig.

225 2010 237 2029 ²
255 2014 395 2052 patrem
412 2009 491 2042 edd.
509 2023 517 2047 ς
538 2010 638 2052 patre?
654 2009 736 2047 Vb;
756 2010 857 2051 Ραίῖιῑ
876 2009 912 2042 Ρ.

173 2067 247 2099 228
