1434 2333
402 94 519 132 THE
548 95 802 132 EPISTLES
834 95 905 132 OF
935 94 1147 133 SENECA

184 181 332 218 bonum
352 195 433 219 non
453 183 615 220 faciunt.
674 184 780 234 Ergo
800 197 880 220 non
907 188 1000 221 sunt
1019 182 1159 220 bona.'⁷
1219 181 1372 219 Adver-

184 256 247 280 sus
269 243 343 280 hoe
363 247 417 282 sic
437 245 685 295 respondent
707 246 975 295 Peripatetici,
996 251 1041 282 ut
1068 244 1175 295 quod
1201 246 1371 294 primum

185 308 453 354 proponimus,
469 307 612 344 falsum
634 321 719 345 esse
740 308 885 345 dicant.
945 307 1048 344 “Ab
1069 307 1153 352 eo‚''
1175 309 1376 356 inquiunt,

186 368 330 417 “quod
350 374 411 405 est
431 370 594 416 bonum,
614 384 695 407 non
715 374 854 421 utique
875 370 975 407 fiunt
995 370 1098 406 boni.
1159 369 1206 405 In
1227 371 1375 404 musica

187 434 247 466 est
285 430 434 480 aliquid
473 433 622 468 bonum
660 438 863 482 tamquam
902 433 1000 469 tibia
1033 437 1102 468 aut
1131 430 1278 467 chorda
1306 434 1376 466 aut

185 504 378 541 organum
415 494 576 544 aliquod
612 500 795 544 aptatum
824 495 874 531 ad
904 507 995 531 usus
1025 493 1205 531 canendi.
1266 491 1375 528 Nihil

121 556 168 592 13
186 559 323 591 tamen
343 555 483 592 horum
504 557 599 594 facit
625 557 856 594 musicum.''
917 557 998 593 Hic
1025 555 1376 605 respondebimus:

188 620 211 636 “
226 616 317 653 Non
336 617 585 667 intellegitis,
606 619 804 669 quomodo
825 622 1070 668 posuerimus
1097 617 1203 668 quod
1229 617 1379 653 bonum

189 683 250 715 est
275 681 317 715 in
343 683 501 717 musica.
562 681 653 717 Non
680 684 786 718 enim
812 681 852 718 id
879 681 1058 726 dicimus,
1086 680 1192 730 quod
1218 681 1378 715 instruit

188 744 395 788 musicum,
422 743 492 779 sed
520 743 626 793 quod
653 743 772 787 facit;
801 749 846 780 tu
872 743 922 780 ad
952 742 1245 792 supellectilem
1271 743 1378 785 artis,

188 816 268 839 non
306 803 356 839 ad
394 809 521 841 artem
550 808 671 842 venis.
731 804 772 842 Si
801 805 897 855 quid
935 810 1070 841 autem
1104 807 1144 840 in
1173 806 1257 853 ipsa
1295 807 1380 839 arte

123 870 170 905 14
188 867 337 901 musica
352 866 499 903 bonum
518 872 591 912 est,
605 867 645 903 id
662 870 799 917 utique
818 870 1010 903 musicum
1023 865 1180 903 faciet.’'
1231 865 1382 901 Etiam-

189 940 294 964 nunc
307 927 437 965 facere
454 930 575 965 istuc1
591 929 745 978 planius
761 929 860 965 volo.
907 929 1061 965 Bonum
1077 931 1117 964 in
1133 933 1218 964 arte
1234 929 1383 963 musica

189 990 343 1026 (luobus
377 991 503 1027 modis
533 991 690 1037 dicitur,
720 991 902 1036 alterum,
933 1004 1010 1040 quo
1045 990 1210 1027 effectus
1243 991 1382 1026 musici

190 1052 410 1098 adiuvatur,
431 1053 614 1099 alterum,
635 1067 713 1104 quo
740 1067 810 1090 ars.
871 1053 934 1089 Ad
962 1052 1148 1090 effectum
1175 1054 1381 1101 pertinent

191 1117 469 1161 instrumenta,
495 1116 617 1152 tibiae
648 1121 689 1152 et
718 1129 865 1165 organa
894 1121 935 1152 et
965 1115 1150 1160 chordae,
1176 1114 1226 1151 ad
1255 1119 1381 1150 artem

190 1179 315 1226 ipsam
349 1190 430 1213 non
458 1181 673 1226 pertinent.
733 1178 805 1214 Est
835 1180 941 1215 enim
971 1177 1114 1214 artifex
1144 1180 1266 1214 etiam
1296 1179 1380 1212 sine

190 1241 300 1283 istis;
341 1242 400 1275 uti
429 1239 593 1276 forsitan
631 1253 711 1276 non
746 1245 880 1289 potest
917 1245 1013 1277 arte.
1075 1239 1164 1275 Hoc
1202 1252 1282 1275 non
1322 1243 1382 1275 est

191 1313 317 1350 aeque
347 1301 494 1350 duplex
523 1305 564 1338 in
590 1301 776 1345 homine;
805 1302 912 1339 idem
943 1305 1049 1338 enim
1076 1306 1137 1338 est
1164 1301 1313 1337 bonum
1341 1305 1381 1336 et

192 1363 363 1399 hominis
384 1368 425 1400 et
446 1366 562 1400 vitae.

126 1433 172 1469 15
259 1424 415 1471 “Quod
467 1429 808 1475 contemptissimo
860 1429 1003 1475 cuique
1059 1428 1293 1475 contingere
1340 1437 1385 1460 ac

191 1490 418 1537 turpissimo
448 1493 594 1537 potest,
624 1488 773 1524 bonum
801 1501 882 1524 non
912 1493 982 1524 est.
1043 1488 1152 1537 Opes
1179 1492 1315 1524 autem
1345 1491 1387 1523 et

192 1550 328 1587 lenoni
349 1555 390 1587 et
410 1550 576 1588 lanistae
597 1554 848 1600 contingunt.
908 1550 1013 1599 Ergo
1033 1563 1114 1586 non
1129 1555 1222 1587 sunt
1243 1548 1384 1586 bona.'’

197 1617 218 1634 “
233 1613 391 1650 Falsum
419 1613 517 1659 est,’'
540 1616 739 1664 inquiunt,
762 1613 905 1663 “quod
931 1615 1161 1662 proponitis.
1220 1612 1323 1648 Nam
1344 1616 1386 1648 et

193 1678 235 1711 in
255 1678 512 1725 grammatice
533 1680 575 1713 et
595 1679 637 1712 in
655 1681 740 1713 arte
761 1675 951 1713 medendi
970 1680 1040 1711 aut
1060 1674 1309 1725 gubernandi
1332 1677 1385 1710 vi-

129 1745 176 1781 16
195 1737 335 1775 demus
355 1739 458 1774 bona
481 1737 711 1774 humillimis
732 1738 954 1788 quibusque
975 1736 1246 1787 contingere.’'
1305 1735 1386 1773 Sed

195 1803 294 1837 istae
323 1806 428 1837 artes
454 1814 534 1837 non
561 1806 655 1838 sunt
681 1800 1000 1850 magnitudinem
1026 1802 1146 1836 animi
1174 1798 1386 1849 professae,

432 1870 441 1890 1
468 1871 552 1902 istuc
568 1870 693 1903 Hense
707 1884 716 1907 ;
742 1871 769 1902 is
785 1881 835 1902 me
851 1881 890 1902 or
906 1870 958 1902 his
975 1881 1024 1902 me
1042 1868 1144 1902 MSS.

250 1947 265 1961 ‘²
291 1941 343 1983 Cf.
380 1941 493 1978 Plato,
526 1941 667 1974 Plzaedo
699 1944 752 1979 86,
781 1941 897 1973 where
928 1940 1092 1974 Socrates
1120 1942 1296 1972 contrasts
1327 1938 1388 1971 the

198 1984 357 2016 material
378 1984 453 2026 lyre
470 1984 555 2016 with
578 1984 639 2017 the
663 1984 929 2026 “ilicorporeal,
953 1983 1031 2021 fair,
1050 1983 1167 2016 divine
1179 1983 1198 1995 '³
1214 1983 1388 2024 harmony

200 2026 313 2059 which
331 2028 454 2060 makes
471 2028 532 2060 the
549 2030 672 2061 music.

200 2084 276 2116 330
