1434 2333
401 110 516 147 THE
544 110 799 148 EPISTLES
829 110 901 147 OF
929 110 1139 148 SENECA

137 200 159 235 5
248 194 420 240 Quidam
459 209 508 233 ex
545 200 688 233 nostris
727 200 956 233 existimant
993 200 1168 233 omnium
1202 199 1366 233 istorum

177 254 321 291 fortem
369 255 621 292 tolerantiam
667 269 748 292 non
795 268 881 292 esse
927 255 1157 305 optabilem,
1200 255 1269 292 sed
1315 267 1366 291 ne

176 314 481 350 abominandam
507 314 683 364 quidem,
704 317 795 364 quia
820 319 912 351 voto
938 328 1080 364 purum
1109 315 1256 351 bonum
1283 316 1367 363 peti

177 371 301 408 debet
334 378 376 409 et
410 373 669 423 tranquillum
703 378 745 410 et
779 378 892 410 extra
924 373 1147 410 molestiam
1181 375 1364 422 positum.

177 430 264 480 Ego
280 431 481 468 dissentio.
526 432 658 477 Quare
674 433 687 467 ?
733 431 905 468 Primum
921 435 1013 481 quia
1027 431 1109 468 fieri
1125 445 1205 468 non
1221 436 1368 480 potest,

178 494 222 525 ut
248 489 378 539 aliqua
404 503 466 527 res
492 491 595 527 bona
615 490 777 540 quidem
805 493 869 536 sit,
896 490 966 527 sed
992 490 1177 539 optabilis
1196 503 1278 526 non
1304 492 1365 526 sit.

178 548 338 585 Deinde
377 552 407 585 si
441 553 563 586 virtus
597 549 781 598 optabilis
821 554 895 595 est,
928 549 1083 585 nullum
1115 554 1251 585 autem
1284 552 1368 585 sine

176 610 324 644 virtute
340 609 488 644 bonum
505 613 579 654 est,
595 622 712 645 omne
728 609 876 644 bonum
892 608 1067 657 optabile
1087 613 1159 645 est.
1209 607 1368 644 Deinde

177 666 327 703 etiam1
366 672 656 704 tormentorum
695 667 806 704 fortis
844 670 1039 716 patientia
1072 666 1257 716 optabilis
1295 671 1366 705 est.

137 725 158 761 6
176 725 418 762 Etiamnunc
434 729 635 775 interrogo
651 740 658 762 :
686 739 831 775 nempe
845 726 859 749 2
875 726 1068 762 fortitudo
1084 725 1267 775 optabilis
1284 726 1370 761 est?

176 785 302 833 Atqui
328 785 502 833 pericula
529 788 751 822 contemnit
777 790 819 821 et
845 790 1041 834 provocat.
1102 784 1369 821 Pulcherrima

176 856 264 892 pars
294 846 378 880 eius
411 847 662 893 maximeque
691 844 879 880 mirabilis
912 844 980 880 illa
1011 848 1085 888 est,
1114 857 1195 880 non
1225 843 1368 880 cedere

176 903 348 951 ignibus,
387 903 542 938 obviam
581 906 637 939 ire
676 903 917 948 vulneribus,
956 902 1159 939 interdum
1197 902 1279 938 tela
1316 915 1367 938 ne

177 964 301 997 vitare
334 962 509 1010 quidem,
544 962 615 998 sed
649 966 810 1010 pectore
845 964 1039 1010 excipere.
1099 960 1139 998 Si
1174 960 1367 997 fortitudo

177 1020 362 1069 optabilis
379 1026 452 1065 est,
470 1026 512 1057 et
531 1026 731 1057 tormenta
752 1023 953 1069 patienter
972 1020 1074 1057 ferre
1091 1019 1266 1069 optabile
1283 1024 1343 1055 est
1359 1035 1368 1066 3

178 1078 252 1115 hoc
273 1082 379 1115 enim
406 1079 650 1116 fortitudinis
677 1092 764 1128 pars
791 1084 862 1115 est.
922 1078 1029 1116 Sed3
1055 1092 1192 1128 separa
1214 1081 1303 1123 ista,
1324 1083 1368 1114 ut

178 1138 283 1182 dixi3
312 1137 411 1174 nihil
436 1141 512 1175 erit
532 1138 636 1188 quod
664 1139 737 1174 tibi
763 1137 882 1174 faciat
908 1151 1090 1174 errorem.
1150 1138 1240 1174 Non
1261 1140 1367 1174 enim

177 1199 260 1245 pati
289 1202 489 1234 tormenta
518 1197 693 1246 optabile
723 1202 796 1242 est,
826 1197 896 1233 sed
922 1200 1005 1245 pati
1034 1196 1201 1233 fortiter.
1261 1196 1367 1232 Illud

177 1260 272 1304 opto
293 1260 316 1276 “
330 1255 524 1300 fortiter,'’
547 1256 653 1305 quod
673 1261 735 1292 est
754 1258 888 1292 virtus.

143 1324 153 1349 l
244 1318 267 1334 “
282 1313 380 1360 Quis
397 1320 531 1351 tamen
548 1328 735 1364 umquam
751 1314 825 1350 hoc
838 1315 911 1351 sibi
926 1317 1078 1363 optavit
1092 1315 1105 1350 Ρ
1120 1314 1140 1325 ”
1160 1313 1367 1359 Quaedam

177 1378 268 1409 vota
291 1378 428 1422 aperta
449 1378 490 1409 et
517 1373 692 1422 professa
718 1378 820 1419 sunt,
844 1386 932 1409 cum
959 1373 1227 1422 particulatim
1253 1372 1367 1415 fiunt,

176 1432 372 1481 quaedam
393 1432 534 1477 latent,
556 1445 645 1468 cum
667 1445 744 1468 uno
765 1437 857 1468 voto
877 1432 1003 1468 multa
1023 1444 1241 1481 conprensa
1261 1437 1364 1468 sunt.

177 1490 395 1540 Tamquam
423 1496 519 1540 opto
548 1490 644 1526 mihi
674 1494 795 1527 vitam
828 1490 1048 1527 honestam.
1106 1490 1199 1527 Vita
1231 1495 1367 1527 autem

177 1549 345 1586 honesta
370 1550 592 1586 actionibus
619 1552 733 1585 variis
760 1554 940 1592 constat3
969 1552 1010 1585 in
1037 1548 1110 1585 hac
1134 1554 1195 1585 est
1223 1549 1366 1598 Reguli

175 1622 276 1654 arca,
293 1608 452 1645 Catonis
473 1611 634 1645 scissum
650 1621 769 1644 manu
790 1621 859 1644 sua
875 1606 1170 1658 xmlnus,{Rutili
1191 1608 1365 1653 exilium,

177 1667 276 1704 calix
297 1672 530 1712 venenatus,
551 1670 617 1716 qui
645 1666 835 1703 Socraten
861 1666 1066 1703 transtulit
1093 1680 1114 1703 e
1142 1679 1297 1703 carcere
1324 1670 1364 1702 in

176 1726 339 1763 caelum.
405 1727 466 1762 Ita
496 1740 585 1762 cum
618 1729 750 1775 optavi
785 1725 882 1761 mihi
916 1729 1037 1762 vitam
1072 1725 1293 1769 honestam,
1324 1731 1363 1762 et

391 1795 399 1813 ¹
426 1796 526 1856 είὶαέιι
543 1795 572 1826 εἰ
589 1793 691 1826 MSS.
710 1807 718 1831 ς
743 1794 890 1836 Madvig
906 1793 1046 1825 deleted
1062 1794 1100 1826 si.

478 1881 490 1900 2·
515 1837 1051 1913 ssfiss'ffieeigraffiuiffissieeffiesci.

602 1972 618 1986 ‘¹
643 1967 711 2002 i.e.,
729 1965 791 1997 the
807 1965 934 1999 Stoics.

265 2011 276 2029 ²²
302 2009 481 2041 Banished
498 2009 588 2041 from
608 2009 722 2041 Rome
738 2010 774 2040 in
792 2011 833 2040 92
850 2020 915 2042 B.C.
968 2009 1018 2050 Cf.
1038 2009 1106 2051 Ep.
1126 2010 1218 2041 xxiv.
1238 2011 1268 2041 4.

177 2066 224 2098 38
