1434 2333
363 121 479 158 THE
508 122 761 160 EPISTLES
792 123 863 161 OF
891 124 1102 161 SENECA

97 211 118 247 6
138 208 256 244 modo
290 211 411 245 virtus
445 208 725 246 honestaverit.
799 210 939 247 Multis
969 211 1150 247 videmur
1181 214 1326 247 maiora

139 272 371 318 promittere
419 283 537 320 quam
585 274 726 320 recipit
772 271 944 309 humana
990 272 1194 315 condicio;
1246 286 1326 309 non

138 335 332 368 inmerito.
394 332 457 369 Ad
484 346 623 382 corpus
651 337 757 370 enim
777 337 1002 383 respiciunt.
1065 335 1328 371 Revertantur

138 394 188 430 ad
208 397 384 430 animum
400 408 408 438 ;
437 398 514 431 iam
530 395 733 432 hominem
753 396 829 432 deo
845 400 1073 433 metientur.
1132 397 1252 446 Erige
1272 401 1327 442 te,

140 455 268 492 Lucili
306 459 475 492 virorum
514 459 678 506 optime,
717 463 758 494 et
805 457 985 508 relinque
1031 461 1151 495 istum
1188 458 1328 494 ludum

138 517 356 554 literarium
369 518 705 568 philosophorum,
719 523 786 569 qui
799 533 883 556 rem
897 519 1328 569 magnificentissimam

138 579 188 616 ad
227 579 394 630 syllabas
433 586 588 626 vocant,
626 584 693 630 qui
736 585 912 618 animum
953 585 1107 618 minuta
1149 581 1329 618 docendo

138 642 361 679 demittunt
398 648 440 679 et
478 648 714 687 conterunt;
757 643 826 680 fies
864 644 999 680 similis
1037 644 1126 689 illis,
1166 646 1233 693 qui
1270 646 1329 680 in-

138 710 336 741 venerunt
362 708 449 750 ista,
469 718 550 741 non
576 708 643 754 qui
664 705 811 742 docent
838 711 880 742 et
904 706 946 742 id
971 711 1110 755 agunt,
1131 710 1176 742 ut
1202 705 1330 755 philo-

139 766 276 815 sophia
297 770 428 815 potius
448 766 615 803 difficilis
636 780 753 816 quam
774 781 918 817 inagna
937 767 1129 804 videatur.

98 835 119 871 7
206 828 386 865 Socrates
425 832 492 878 qui
535 834 661 865 totam
703 829 994 878 philosophiam
1032 832 1231 865 revocavit
1277 828 1328 865 ad

140 902 267 926 mores
295 895 336 926 et
363 890 464 926 hanc
494 903 687 926 summam
714 890 814 927 dixit
841 904 926 928 esse
953 894 1201 940 sapientiam,
1226 891 1329 927 bona

139 951 320 1001 malaque
359 952 619 1001 distinguere,
659 952 899 1002 “sequere,'‘
941 956 1083 1002 inquit,
1122 957 1145 973 “
1158 953 1259 998 illos,
1297 955 1328 989 si

138 1013 234 1062 quid
259 1014 366 1063 apud
391 1019 431 1050 te
460 1014 588 1050 habeo
615 1017 874 1060 auctoritatis,
895 1020 939 1050 ut
967 1017 1016 1051 sis
1044 1015 1198 1060 beatus,
1219 1019 1260 1051 et
1286 1019 1328 1051 te

138 1074 255 1111 alicui
305 1075 473 1112 stultum
512 1075 636 1112 videri
675 1079 769 1112 sine.
858 1075 1046 1126 Quisquis
1085 1076 1206 1121 volet,
1254 1076 1329 1112 tibi

139 1138 423 1175 contumeliam
469 1138 588 1174 faciat
635 1143 675 1174 et
723 1141 919 1184 iniuriam,
958 1143 1002 1175 tu
1050 1143 1186 1175 tamen
1228 1138 1327 1174 nihil

138 1203 312 1250 patieris,
334 1203 365 1236 si
393 1200 511 1236 modo
540 1205 675 1237 tecum
705 1203 780 1237 erit
806 1203 939 1237 virtus.
1000 1200 1039 1237 Si
1066 1201 1160 1246 vis,''
1184 1203 1327 1250 inquit,

137 1263 315 1299 “beatus
340 1275 438 1308 esse,
463 1265 494 1298 si
520 1261 597 1298 fide
621 1263 724 1298 bona
747 1265 804 1298 vir
826 1263 965 1308 bonus,
986 1265 1070 1299 sine
1094 1268 1327 1299 contemnat

137 1330 179 1362 te
208 1324 385 1374 aliquis.'’
457 1324 546 1360 Hoc
575 1337 694 1360 nemo
727 1325 957 1373 praestabit,
985 1327 1060 1360 nisi
1094 1327 1161 1374 qui
1194 1327 1326 1360 omnia

138 1387 242 1422 bona
269 1389 561 1435 exaequaverit,
582 1388 674 1434 quia
696 1398 771 1422 nec
798 1386 947 1422 bonum
966 1389 1050 1422 sine
1077 1386 1245 1423 honesto
1266 1392 1328 1423 est

97 1453 180 1489 Set
214 1448 428 1485 honestum
461 1451 502 1483 in
535 1448 717 1484 omnibus
751 1461 820 1497 par
853 1453 924 1485 est.
997 1452 1022 1469 ‘⁶
1036 1447 1171 1494 Quid1
1205 1450 1327 1498 ergo?

138 1510 249 1547 Nihil
275 1513 444 1547 interest
471 1512 576 1546 inter
605 1515 830 1559 praeturam
851 1510 1010 1546 Catonis
1031 1515 1073 1546 et
1102 1510 1327 1559 repulsam?

140 1572 250 1608 Nihil
279 1575 460 1616 interest,
491 1577 623 1608 utrum
659 1571 880 1608 Pharsalica
908 1575 991 1608 acie
1023 1572 1119 1608 Cato
1149 1575 1328 1608 vincatur

137 1649 187 1671 an
221 1635 383 1671 vincat?
442 1634 532 1670 Hoc
566 1638 649 1671 eius
682 1635 844 1679 bonum,
882 1647 959 1683 quo
999 1636 1111 1670 victis
1150 1634 1326 1683 partibus

192 1716 203 1734 ¹
227 1715 351 1747 Hense
373 1717 471 1757 gives
495 1716 579 1757 quid
601 1726 678 1757 erqo
703 1740 710 1747 .
740 1741 746 1747 .
775 1740 782 1747 .
810 1718 1021 1756 componeret
1042 1717 1187 1756 pacem?
1210 1718 1246 1746 to
1265 1715 1326 1747 the

139 1758 318 1800 supposed
334 1759 502 1800 objector.

191 1858 205 1870 α
230 1850 308 1886 See,
341 1850 395 1881 for
431 1849 604 1891 example,
636 1849 697 1881 the
735 1848 929 1890 syllogistic
968 1848 1106 1890 display
1145 1848 1257 1881 which
1296 1851 1324 1881 is

140 1893 307 1925 ridiculed
325 1895 359 1925 in
378 1893 446 1935 Ep.
466 1892 571 1924 xlviii.
594 1896 622 1924 6.

192 1938 204 1956 ὂ
229 1937 296 1973 i.e.,
316 1936 407 1968 from
424 1936 531 1977 being
546 1946 641 1967 mere
658 1934 862 1976 word-play.

191 1986 203 1999 ⁶
227 1979 350 2011 Hense
385 1982 549 2020 suggests
579 1979 659 2010 that
689 1978 823 2010 Seneca
853 1988 936 2019 may
967 1978 1010 2009 be
1047 1977 1235 2019 rendering
1263 1977 1324 2010 the

138 2023 265 2064 phrase
282 2023 322 2054 Of
335 2022 658 2062 Simonides—dvm)
675 2024 800 2060 ἀληθῶς
817 2023 947 2061 ἁγαθός.

142 2074 191 2114 76
