1434 2333
379 132 494 171 THE
525 133 778 171 EPISTLES
809 134 880 172 OF
909 134 1120 173 SENECA

155 223 430 271 captabantur,
451 226 592 260 amissa
619 228 673 268 et,
694 223 790 260 dum
809 223 924 260 avide
944 227 1164 273 rapiuntur,
1185 236 1289 273 expu
1308 236 1349 261 sa

156 291 258 323 sunt.
320 286 429 323 Nulli
462 300 555 324 vero
589 290 711 324 etiam
745 291 808 324 cui
841 291 978 338 rapina
1011 288 1184 325 feliciter
1218 291 1350 333 cessit,

155 351 343 400 gaudium
364 355 467 401 rapti
488 352 643 389 duravit
662 356 703 389 in
723 358 938 403 posterum.

224 417 365 467 Itaque
387 418 719 466 prudentissimus
735 421 901 468 quisque
919 431 1007 455 cum
1028 421 1198 468 primum
1213 419 1348 455 induci

155 482 266 518 videt
293 483 539 528 munuscula,
559 497 581 519 a
601 483 760 520 theatro
779 483 885 533 fugit
905 489 946 520 et
967 486 1041 520 scit
1066 497 1211 533 magno
1231 497 1348 532 parva

155 552 347 585 constare.
420 548 549 584 Nemo
584 561 746 584 manum
780 552 953 585 conserit
991 562 1079 585 cum
1117 549 1347 594 recedente,

113 619 134 654 8
154 625 273 649 nemo
289 618 504 649 exeuntem
521 612 614 649 ferit
630 629 638 660 3
659 616 761 650 circa
777 616 995 662 praemium
1011 616 1093 650 rixa
1110 618 1180 650 est.
1232 613 1346 650 Idem

153 680 194 713 in
211 677 270 713 his
291 680 438 723 evenit,
455 691 555 727 quae
576 678 736 714 fortuna
756 679 927 728 desuper
946 681 1090 715 iactat:
1120 683 1346 715 aestuamus

153 745 298 788 miseri,
319 743 605 792 distringiinur,
632 744 776 780 multas
806 743 953 781 habere
983 747 1163 793 cupimus
1191 757 1344 789 manus,

152 807 270 843 modo
304 811 344 843 in
379 807 481 844 hanc
516 809 698 856 partem,l
733 809 851 845 modo
884 811 925 845 in
958 809 1067 845 illam
1100 812 1340 858 respicimus

154 872 280 908 Nimis
315 872 427 909 tarde
457 873 570 909 nobis
604 876 710 909 mitti
739 873 938 918 videntur,
967 886 1068 923 quae
1103 873 1343 923 cupiditates

151 942 303 973 nostras
346 941 524 982 inritant,
563 938 612 974 ad
655 952 800 987 paucos
842 943 1094 988 perventura,
1133 944 1343 988 expectata

110 1013 130 1049 9
151 1003 344 1039 omnibus.
410 1003 472 1040 Ire
511 1003 666 1039 obviam
705 1003 939 1040 cadentibus
977 1006 1167 1053 cupimus.
1236 1003 1341 1039 Gau-

151 1067 303 1113 demus,
331 1071 361 1104 si
382 1069 478 1117 quid
499 1071 724 1114 invasimus,
744 1069 1037 1119 invadendique
1051 1069 1066 1092 “2
1081 1069 1232 1118 aliquos
1252 1081 1341 1118 spes

150 1146 249 1169 vana
279 1133 450 1177 delusit3
484 1134 603 1170 vilem
637 1134 824 1183 praedam
854 1147 999 1184 magno
1027 1134 1158 1183 aliquo
1192 1137 1339 1170 incom-

149 1198 267 1234 modo
305 1199 449 1235 luimus
487 1204 555 1235 aut
594 1199 778 1236 destituti
823 1198 1026 1235 fallimu1·.³
1100 1198 1340 1236 Secedamus

149 1266 283 1312 itaque
310 1264 359 1299 ab
386 1267 470 1300 istis
496 1264 600 1300 ludis
621 1270 663 1301 et
689 1264 829 1301 demus
856 1265 1078 1313 raptoribus
1098 1264 1252 1307 locum;
1282 1264 1339 1300 illi

149 1334 333 1377 spectent
354 1329 456 1364 bona
477 1331 551 1364 ista
575 1329 793 1378 pendentia
813 1334 855 1366 et
881 1332 955 1378 ipsi
976 1332 1100 1378 magis
1121 1329 1335 1378 pendeant.

81 1404 128 1440 10
215 1393 467 1443 Quicumque
515 1394 654 1430 beatus
698 1406 782 1430 esse
821 1397 1052 1439 constituet,
1092 1406 1214 1430 unum
1253 1406 1338 1430 esse

148 1458 294 1494 bonum
330 1463 460 1508 putet,
493 1459 599 1508 quod
634 1458 844 1495 honestum
881 1464 952 1495 est.
1013 1459 1114 1494 Nam
1148 1461 1179 1494 si
1212 1458 1336 1494 ullum

146 1524 254 1561 aliud
289 1537 374 1561 esse
409 1527 622 1570 existimat,
656 1527 826 1574 primum
860 1524 962 1561 male
1001 1524 1051 1561 de
1090 1524 1338 1573 providentia

200 1629 211 1649 1
236 1629 333 1661 modo
358 1628 393 1659 in
417 1628 504 1659 hanc
524 1631 661 1670 partem
677 1627 767 1659 VPb
783 1628 881 1660 omit.
929 1626 1004 1658 The
1022 1626 1134 1659 words
1150 1637 1210 1658 are
1226 1627 1337 1659 found

147 1674 181 1704 in
198 1673 331 1704 certain
349 1671 491 1703 inferior
508 1670 612 1703 MSS.

199 1716 212 1734 ²
237 1715 482 1756 invadendique
494 1714 582 1746 later
593 1712 696 1746 MSS.
710 1726 718 1750 ;
737 1713 972 1756 invidendique
985 1713 1037 1749 V;
1055 1712 1282 1756 invidentique
1294 1712 1331 1746 P.

200 1762 213 1782 3
236 1766 296 1794 aut
320 1762 472 1794 destituti
492 1761 659 1803 fallimur
684 1760 899 1797 Buecheler;
934 1764 995 1792 aut
1020 1755 1218 1802 des'fflfflss'g'mr
1232 1760 1334 1803 falli-

148 1822 225 1843 mm·
240 1811 275 1843 V
290 1824 298 1847 ;
322 1815 382 1842 aut
399 1811 438 1842 de
456 1837 462 1842 .
483 1810 717 1852 ‹zutfallz'mus'
734 1809 784 1845 P;
808 1813 868 1841 aut
887 1808 1140 1851 indefallz'mur
1156 1810 1189 1842 b.

199 1921 213 1934 ‘¹
238 1913 270 1945 A
284 1913 510 1945 distribution
524 1912 564 1944 of
573 1914 683 1949 coins,
699 1914 781 1949 etc„
796 1914 833 1943 at
845 1911 907 1943 the
920 1911 1038 1953 public
1050 1922 1183 1954 games.
1234 1912 1331 1944 Food

146 1967 216 1988 was
233 1957 307 1988 also
324 1956 428 1987 doled
445 1959 506 1987 out
522 1959 558 1987 to
574 1956 636 1987 the
652 1955 823 1997 populace
840 1965 884 1986 on
903 1954 1033 1986 similar
1049 1957 1241 1988 occasions.

198 2001 209 2019 ¹³
233 1999 316 2030 This
334 1999 445 2040 figure
462 1999 501 2030 of
514 1999 575 2030 the
591 1998 670 2030 dole
681 2009 720 2029 as
733 1997 874 2039 applied
891 2000 927 2029 to
942 1997 1095 2030 Fortune
1108 2000 1137 2030 is
1150 1999 1331 2031 sustained

143 2046 180 2074 to
197 2054 241 2073 an
259 2045 380 2073 extent
397 2042 509 2074 which
528 2043 556 2073 is
573 2041 724 2074 unusual
739 2041 823 2073 with
840 2040 985 2074 Seneca.

146 2100 161 2130 1
174 2100 186 2130 l
199 2100 218 2131 8
