1434 2333
415 143 531 179 THE
561 141 814 179 EPISTLES
845 141 916 178 OF
945 140 1154 178 SENECA

190 245 290 283 quae
320 236 523 276 vocantur,
551 236 621 267 aut
654 230 772 266 homo
800 229 952 266 felicior
985 228 1061 265 deo
1089 233 1164 273 est,
1192 230 1375 278 quoniam

190 296 352 346 quidem
381 308 482 346 quae
515 300 651 345 parata
683 295 796 331 nobis
831 298 936 339 sunt,
965 306 1045 330 non
1080 292 1203 329 habet
1235 295 1276 328 in
1305 304 1378 328 usu

191 361 298 398 deus.
370 361 454 397 Nec
502 363 608 397 enim
654 359 777 396 libido
815 359 865 395 ad
911 359 1021 395 illum
1062 371 1136 394 nec
1175 357 1378 406 epularum

189 426 369 462 lautitiae
402 438 476 462 nec
511 438 605 474 opes
639 438 712 462 nec
746 427 957 474 quicquam
992 436 1040 460 ex
1078 422 1138 458 his
1176 422 1378 458 hominem

188 491 458 527 inescantibus
492 495 534 527 et
572 490 638 526 vili
674 489 878 539 voluptate
917 489 1155 525 ducentibus
1189 490 1377 537 pertinet.

191 556 296 605 Ergo
325 560 394 591 aut
423 555 528 591 non1
559 554 792 591 incredibile
822 559 883 591 est
911 554 1015 590 bona
1041 553 1117 590 deo
1146 552 1285 590 deesse
1311 556 1381 588 aut

190 620 265 657 hoc
291 624 421 669 ipsum
441 625 721 668 argumentum
742 624 803 656 est
831 620 933 655 bona
952 632 1032 654 non
1054 631 1151 663 esse,
1174 616 1280 667 quod
1304 616 1379 653 deo

124 689 170 724 15
190 685 347 722 desunt.
408 684 547 730 Adice,
564 684 670 733 quod
690 684 828 729 multa,
844 696 945 733 quae
965 684 1068 720 bona
1084 682 1207 719 videri
1229 681 1380 726 volunt,

191 750 426 787 animalibus
455 763 573 798 quam
607 748 757 785 homini
791 749 967 798 pleniora
997 751 1247 796 contingunt.
1308 745 1380 782 Illa

191 815 279 851 cibo
308 814 460 850 avidius
489 819 670 859 utuntur,
700 826 845 850 venere
874 827 955 849 non
988 826 1114 862 aeque
1148 812 1381 861 fatigantur,

190 882 331 915 virium
344 878 420 914 illis
435 881 556 914 maior
570 883 630 914 est
644 883 685 914 et
697 877 939 927 aequabilior
951 877 1122 915 firmitas.
1180 876 1381 926 Sequitur,

191 950 236 980 ut
259 944 386 980 multo
414 943 588 980 feliciora
614 945 694 979 sint
720 942 891 978 homine.
953 943 1053 978 Nam
1079 945 1162 978 sine
1190 943 1380 990 nequitia,

192 1013 275 1046 sine
296 1009 499 1045 fraudibus
529 1008 693 1057 degunt.
756 1008 956 1043 Fruuntur
981 1007 1264 1056 voluptatibus,
1285 1018 1381 1055 quas

193 1080 233 1111 et
262 1077 387 1122 magis
417 1077 579 1122 capiunt
609 1078 650 1109 et
684 1086 731 1109 ex
762 1072 866 1108 facili
897 1075 979 1109 sine
1009 1072 1091 1108 ullo
1125 1072 1284 1121 pudoris
1313 1076 1382 1107 aut

191 1142 462 1189 paenitentiae
484 1143 604 1175 metu.

125 1204 170 1240 16
260 1204 472 1241 Considera
502 1209 544 1240 tu
575 1207 722 1252 itaque,
743 1217 793 1239 an
822 1203 863 1240 id
894 1204 1040 1239 bonum
1071 1202 1290 1238 vocandum
1319 1204 1382 1246 sit,

192 1283 269 1319 quo
299 1269 397 1306 deus
426 1269 475 1305 ab
505 1269 664 1304 homine
690 1271 869 1304 vincitur.
929 1267 1134 1304 Summum
1163 1268 1311 1303 bonum
1342 1269 1382 1303 in

192 1338 322 1370 animo
353 1337 650 1377 contineamus3
685 1333 908 1378 obsolescit,
937 1335 968 1368 si
997 1333 1046 1368 ab
1080 1335 1229 1381 optima
1259 1333 1382 1367 nostri

192 1404 304 1449 parte
333 1399 383 1435 ad
413 1401 624 1448 pessimam
654 1401 795 1434 transit
825 1402 867 1433 et
896 1397 1133 1434 transfertur
1152 1397 1201 1432 ad
1232 1409 1382 1441 sensuS,

193 1468 259 1514 qui
279 1464 461 1514 agiliores
482 1468 573 1500 sunt
594 1462 828 1499 animalibus
848 1465 979 1499 mutis.
1041 1462 1130 1498 Non
1150 1466 1210 1498 est
1231 1474 1382 1497 summa

192 1529 396 1566 felicitatis
419 1533 577 1564 nostrae
606 1531 646 1563 in
677 1540 793 1563 carne
823 1527 1033 1576 ponenda;
1062 1527 1165 1563 bona
1193 1526 1259 1562 illa
1289 1530 1382 1563 sunt

193 1607 296 1640 vera,
312 1606 413 1643 quae
433 1596 532 1629 ratio
549 1592 630 1637 dat,
647 1592 771 1628 solida
790 1605 834 1627 ac
851 1594 1103 1641 sempiterna,
1119 1605 1220 1641 quae
1241 1591 1382 1628 cadere

125 1660 170 1697 17
193 1673 272 1696 non
319 1663 496 1708 possunt,
537 1671 587 1694 ne
631 1657 859 1694 decrescere
903 1656 1064 1706 quidem
1106 1657 1202 1693 aut2
1244 1659 1378 1693 minui.

195 1725 336 1761 Cetera
356 1726 542 1772 opinione
569 1723 672 1764 bona
693 1727 785 1759 sunt
806 1727 847 1758 et
875 1735 1021 1758 nomen
1048 1721 1210 1771 quidem
1230 1721 1382 1758 habent

194 1801 403 1826 commune
425 1801 514 1824 cum
535 1791 649 1833 veris,
670 1790 888 1837 proprietas
914 1790 955 1822 in
982 1786 1059 1823 illis
1087 1787 1180 1823 boni
1206 1800 1286 1823 non
1307 1791 1377 1823 est.

195 1854 335 1903 Itaque
356 1853 562 1890 commoda
582 1856 773 1888 vocentur
794 1856 848 1896 et,
864 1857 909 1888 ut
928 1856 1061 1888 nostra
1078 1851 1212 1900 lingua
1232 1851 1380 1901 loquar,

560 1937 569 1956 ¹
594 1948 663 1968 ηοη
679 1935 795 1967 added
811 1935 858 1976 by
877 1934 1010 1968 Hense.

523 1980 536 1999 ⁴³
559 1984 618 2011 aut
636 1979 723 2011 later
741 1977 843 2010 MSS.
862 1991 869 2014 ;
894 1989 932 2009 ac
949 1978 1049 2011 VPb.

310 2036 335 2069 's
351 2049 402 2091 Cf
425 2033 618 2090 Epslxiiiii.
639 2050 655 2086 ἓ
674 2049 713 2077 14
730 2046 889 2088 Iuppiter
904 2046 957 2077 uti
971 2046 1043 2078 illis
1058 2058 1125 2078 non
1138 2051 1260 2089 potest.
1291 2033 1294 2035 -
1334 2033 1352 2035 υ
1368 2033 1373 2034 ⁷

198 2106 270 2138 122
