1434 2333
350 125 464 161 THE
495 125 748 162 EPISTLES
779 126 849 162 OF
879 126 1089 163 SENECA

83 214 103 249 2
124 212 255 249 media
275 213 475 261 regelatur
493 218 657 249 aestate.
717 214 859 263 Itaque
879 217 1002 250 maior
1028 227 1115 263 pars
1135 217 1176 250 111
1197 217 1315 250 vesti-

124 277 270 311 mentis
309 275 478 323 degitur.
547 275 635 324 Ago
673 279 819 324 gratias
857 279 1068 321 senectuti,
1106 276 1209 325 quod
1250 289 1314 312 me

124 336 272 372 lectulo
292 336 439 373 adfixit.
496 337 647 383 Quidni
663 341 808 387 gratias
827 338 884 374 illi
906 338 980 375 hoc
995 341 1155 375 nomine
1171 337 1314 387 agam?

125 398 326 448 Quicquid
347 398 543 436 debebam
569 399 690 444 nolle,
710 413 790 436 non
817 413 986 449 possum.
1045 400 1144 437 Cum
1170 400 1316 436 libellis

126 460 221 496 mihi
250 461 441 510 plurimus
471 474 598 498 sermo
628 467 698 499 est.
758 461 799 498 Si
825 462 984 512 quando
1012 465 1317 499 intervenerunt

125 523 320 570 epistulae
341 528 447 568 tuae,
468 529 603 559 tecum
625 537 710 561 esse
736 524 834 560 mihi
853 524 990 561 videor
1009 529 1051 560 et
1077 527 1132 560 sic
1157 523 1317 560 adficior

124 587 265 632 animo,
290 590 492 634 tamquam
512 586 585 622 tibi
606 599 686 622 non
706 587 930 631 rescribam,
951 586 1021 623 sed
1041 585 1313 634 respondeam.

127 645 142 680 I
147 651 267 695 taque
285 651 326 683 et
341 646 391 683 de
410 647 496 692 hoc,
512 647 618 696 quod
633 651 801 696 quaeris,
815 651 925 697 quasi
941 647 1155 697 conloquar
1168 652 1316 691 tecum,

125 708 240 758 quale
262 712 325 753 sit,
346 723 423 745 una
444 710 714 747 scrutabimur.

83 771 105 806 3
193 770 373 816 Quaeris,
390 786 439 807 an
459 785 576 808 omne
598 773 745 808 bonum
761 773 936 821 optabile
958 775 1018 809 sit.
1069 776 1093 792 “
1107 771 1148 808 Si
1170 772 1315 808 bonum

126 834 224 878 est,''
243 837 386 883 inquis,
407 839 431 854 “
445 834 602 871 fortiter
621 838 796 884 torqueri
818 840 860 871 et
879 848 1024 883 magno
1044 837 1175 870 animo
1196 837 1254 870 uri
1275 838 1317 870 et

126 898 327 945 patienter
354 902 573 946 aegrotare,
603 900 793 946 sequitur,
822 903 867 933 ut
900 900 975 933 ista
1003 896 1192 945 optabilia
1225 899 1315 932 sint.

128 957 237 993 Nihil
266 963 401 995 autem
422 958 538 995 video
565 972 613 995 ex
639 961 723 995 istis
750 964 843 995 voto
869 958 1046 1008 dignum.
1105 958 1318 995 Neminem

127 1026 236 1057 certe
274 1020 404 1056 adhuc
442 1024 522 1057 scio
555 1034 601 1057 eo
635 1023 795 1057 nomine
830 1026 967 1057 votum
1004 1020 1178 1065 solvisse,
1212 1020 1318 1069 quod

126 1083 291 1132 flagellis
312 1095 447 1119 caesus
469 1088 574 1120 esset
593 1088 661 1119 aut
688 1083 861 1132 podagra
882 1082 1071 1119 distortus
1091 1087 1160 1118 aut
1181 1082 1319 1118 eculeo

87 1150 109 1185 4
126 1145 281 1194 longior
327 1144 491 1181 factus.''
579 1145 807 1194 Distingue,
853 1148 907 1180 mi
956 1145 1095 1190 Lucili,
1143 1147 1229 1189 ista,
1278 1149 1320 1180 et

128 1207 341 1256 intelleges
371 1220 455 1244 esse
485 1210 525 1243 in
553 1210 600 1244 iis
633 1207 782 1256 aliquid
816 1206 1046 1255 optandum.
1104 1206 1320 1242 Tormenta

128 1270 266 1306 abesse
286 1282 308 1304 a
331 1282 395 1306 me
417 1269 558 1313 velim;
588 1269 658 1306 sed
685 1272 716 1305 si
743 1269 975 1306 sustinenda
1001 1269 1163 1314 fuerint,
1184 1274 1229 1305 ut
1256 1282 1319 1305 me

129 1335 169 1367 in
207 1331 284 1367 illis
322 1331 491 1376 fortiter,
535 1331 717 1376 honeste,
755 1334 930 1368 animose
973 1344 1121 1380 geram,
1159 1331 1316 1380 optabo.

130 1393 281 1439 Quidni
320 1406 394 1442 ego
432 1393 566 1429 malim
604 1407 684 1429 non
722 1393 898 1429 incidere
937 1393 1114 1429 bellum?
1171 1392 1250 1429 Sed
1289 1395 1320 1428 si

130 1455 326 1500 inciderit,
340 1460 385 1491 ut
398 1455 572 1499 vulnera,
585 1460 631 1492 ut
647 1455 793 1492 famem
806 1461 848 1492 et
861 1458 1004 1500 onmia,
1013 1468 1113 1504 quae
1127 1455 1319 1491 bellorum

129 1521 343 1554 necessitas
369 1516 510 1562 adfert,
531 1530 723 1566 generose
750 1517 887 1562 feram,
908 1518 1064 1566 optabo.
1124 1517 1215 1553 Non
1235 1530 1320 1553 sum

129 1585 211 1616 tam
227 1579 404 1624 demens,
419 1584 463 1615 ut
479 1584 683 1628 aegrotare
700 1583 875 1629 cupiam;
901 1579 971 1616 sed
988 1582 1018 1615 si
1033 1579 1321 1628 aegrotandum

130 1642 264 1687 fuerit,
280 1647 324 1678 ut
340 1641 439 1677 nihil
460 1644 787 1690 intemperanter,
803 1641 900 1677 nihil
923 1641 1150 1677 effeminate
1166 1641 1321 1686 faciam,

129 1704 286 1752 optabo.
338 1703 400 1740 Ita
414 1717 494 1739 non
510 1703 759 1740 incommoda
774 1703 962 1752 optabilia
978 1708 1083 1747 sunt,
1099 1702 1169 1739 sed
1186 1705 1321 1748 virtus,

130 1779 207 1815 qua
228 1765 483 1815 perferuntur
502 1766 761 1802 incommoda.

183 1868 198 1880 (ι
222 1860 357 1892 Seneca
380 1859 451 1891 had
474 1871 494 1891 a
518 1860 667 1892 delicate
691 1861 921 1892 constitution
946 1861 1019 1898 (see
1046 1858 1317 1900 Introduction).

132 1904 172 1935 In
201 1903 261 1935 the
286 1903 427 1935 Letters
455 1903 499 1935 he
523 1903 651 1945 speaks
675 1903 716 1935 of
739 1903 908 1944 suffering
935 1902 1026 1934 from
1052 1901 1195 1934 asthma
1217 1901 1319 1944 (liv.)‚

130 1946 270 1978 catarrh
288 1946 462 1987 (lxxviii),
480 1946 551 1978 and
568 1947 664 1978 fever
680 1946 787 1987 (civ.).

183 1991 195 2009 ὑ
219 1989 273 2021 Cf.
294 1990 384 2021 lxxv.
407 1993 421 2021 1
444 1990 556 2032 quali-5¹
573 2000 682 2021 sermo
702 2000 793 2021 meus
812 1993 903 2025 esset,
921 1988 950 2020 si
968 1999 1037 2020 una
1055 1989 1243 2020 sederemus
1259 1992 1320 2020 aut

130 2032 393 2064 ambularemus.

133 2083 183 2121 36
