1434 2333
399 119 514 154 THE
544 117 797 155 EPISTLES
828 118 898 156 OF
928 119 1137 157 SENECA

177 209 342 255 eripias;
389 205 564 254 alioquin
601 205 784 250 aderunt,
818 209 886 255 qui
923 206 974 243 de
1007 206 1112 243 facto
1150 212 1219 243 tuo
1257 205 1360 243 male

179 263 420 296 existiment.

109 315 157 351 14
245 313 429 349 Invenies
476 315 595 348 etiam
643 311 836 361 professos
884 316 1130 362 sapientiam,
1169 317 1235 363 qui
1283 316 1360 349 vim

175 366 434 403 adferendam
472 369 576 402 vitae
615 378 707 402 suae
745 371 898 415 negent
945 372 986 403 et
1031 367 1142 404 nefas
1183 367 1363 404 iudicent

176 423 303 469 ipsum
342 423 671 468 interemptorem
705 422 764 456 sui
798 419 907 463 fieri3
949 420 1242 469 expectandum
1276 433 1362 457 esse

178 474 358 518 exitum,1
375 486 495 523 quem
521 478 662 509 natura
688 473 875 510 decrevit.
937 474 1026 510 Hoc
1056 477 1123 524 qui
1151 474 1261 519 dicit,
1284 487 1364 510 non

178 527 287 564 videt
313 540 354 563 se
380 527 575 563 libertatis
595 530 697 563 viam
719 527 889 564 cludere.
951 527 1016 563 Nil
1042 528 1181 564 melius
1201 532 1364 564 aeterna

177 581 242 618 lex
263 580 372 625 fecit,
392 593 509 630 quam
537 580 643 630 quod
668 594 790 617 unum
813 584 1020 617 introitum
1041 582 1152 618 nobis
1172 581 1223 617 ad
1242 583 1365 617 vitam

111 632 158 669 15
177 634 304 679 dedit,
347 637 475 671 exitus
520 634 676 670 multos.
755 634 840 684 Ego
883 640 1093 684 expectem
1136 635 1199 671 vel
1240 634 1367 671 morbi

178 688 457 725 crudelitatem
496 688 558 724 vel
596 688 780 733 hominis,
818 701 907 724 cum
946 691 1091 737 possim
1129 701 1199 737 per
1236 687 1367 724 media

179 745 285 778 exire
301 746 500 778 tormenta
516 746 558 778 et
575 741 739 778 adversa
757 742 956 778 discutere
972 743 985 777 ?
1043 742 1133 778 Hoc
1149 747 1209 778 est
1230 755 1366 786 unum,

179 809 247 831 cur
276 795 326 831 de
361 798 441 831 vita
471 808 551 831 non
581 795 801 844 possimusss
830 799 963 845 queri:
1003 799 1205 832 neminem
1239 800 1364 832 tenet.

181 849 290 884 Bono
321 849 407 884 loco
437 862 498 885 res
529 848 725 885 humanae
757 854 862 894 sunt,
889 849 995 898 quod
1024 862 1142 886 nemo
1172 852 1247 885 nisi
1272 852 1368 885 vitio

180 916 249 939 suo
275 905 394 939 miser
420 907 489 938 est.
553 902 710 945 Placet;
740 905 836 939 five.
899 903 987 939 Non
1013 902 1171 952 placet3
1200 902 1295 939 licet
1321 915 1368 939 eo

114 952 160 989 16
180 958 338 1001 reverti,
368 955 474 992 unde
511 958 662 994 venisti.
740 956 794 993 Ut
828 956 1003 992 dolorem
1034 959 1173 1005 capitis
1206 956 1370 1001 levares,

181 1012 416 1058 sanguinem
445 1022 563 1058 saepe
592 1012 742 1045 misisti.
804 1009 867 1046 Ad
902 1010 1201 1046 extenuandum
1230 1022 1370 1059 corpus

181 1076 280 1099 vena
301 1065 531 1111 percutitur.
592 1063 682 1099 Non
695 1076 792 1112 opus
807 1068 867 1099 est
884 1069 992 1100 vasto
1009 1064 1172 1100 vulnere
1193 1063 1369 1100 dividere

181 1116 431 1165 praecordia3
461 1116 648 1165 scalpello
668 1119 844 1165 aperitur
856 1117 906 1152 ad
926 1117 1033 1152 illam
1050 1130 1234 1166 magnam
1253 1117 1370 1153 liber-

181 1175 306 1207 tatem
328 1173 389 1206 via
410 1175 452 1206 et
472 1175 620 1219 puncto
641 1173 829 1206 securitas
851 1175 1016 1206 constat.

251 1223 358 1268 Quid
385 1236 480 1272 ergo
507 1228 580 1268 est,
601 1224 707 1273 quod
735 1237 806 1260 nos
833 1223 928 1260 facit
954 1227 1085 1273 pigros
1113 1225 1370 1273 inertesque?

183 1277 312 1314 Nemo
336 1282 515 1313 nostrum
542 1281 692 1326 cogitat
718 1277 955 1327 quandoque
977 1278 1049 1313 sibi
1076 1291 1125 1314 ex
1151 1277 1225 1313 hoc
1246 1277 1370 1314 domi-

184 1331 273 1367 cilio
308 1330 558 1374 exeundum3
599 1334 652 1367 sic
684 1336 840 1367 veteres
874 1331 1086 1380 inquilinos
1120 1331 1371 1379 indulgentia

118 1383 258 1421 171005
280 1389 321 1420 et
348 1384 594 1420 consuetudo
611 1387 732 1420 etiam
758 1387 863 1420 inter
888 1387 1048 1420 iniurias
1076 1384 1243 1421 detinet.
1303 1384 1370 1420 Vis

182 1438 368 1474 adversus
402 1437 476 1474 hoc
507 1451 646 1487 corpus
676 1438 775 1474 liber
804 1439 917 1474 esse?
983 1437 1201 1487 Tamquam
1229 1441 1371 1488 migra-

183 1497 294 1528 turus
328 1491 472 1527 habita.
536 1491 714 1540 Propone
748 1492 821 1527 tibi
855 1491 1091 1541 quandoque
1126 1491 1200 1528 hoc
1234 1497 1372 1528 contu-

184 1546 323 1582 bernio
370 1545 608 1587 carendum3
669 1544 806 1581 fortior
861 1548 936 1581 eris
988 1545 1038 1581 ad
1090 1548 1371 1582 necessitatem

185 1599 367 1636 exeundi.
428 1598 507 1635 Sed
545 1598 880 1647 quemadmodum
916 1611 1007 1634 suus
1041 1598 1128 1635 finis
1159 1602 1294 1635 veniet
1331 1602 1372 1635 in

238 1684 248 1703 1
273 1684 612 1759 e.1·s}x>7elc3tgnclemzesse
628 1684 753 1716 avitam
775 1683 863 1715 later
880 1683 982 1716 MSS.
1001 1697 1009 1720 ;
1033 1689 1292 1725 espec-tastonam
1309 1695 1374 1717 esse

185 1728 311 1760 avitum
421 1753 427 1759 .

238 1770 251 1790 ²
270 1771 441 1812 possimus
457 1770 625 1802 Erasmus
641 1783 650 1806 ς
671 1781 843 1812 possemus
859 1780 881 1812 p
897 1783 906 1806 ;
926 1781 1106 1812 possumus
1123 1770 1222 1803 VPb.

240 1884 253 1897 α
279 1877 334 1919 By
364 1888 486 1909 means
517 1877 557 1909 of
590 1877 652 1909 the
690 1877 875 1913 cucurbita,
908 1888 946 1909 or
976 1877 1253 1919 cupping-glass.
1316 1878 1368 1920 Cf.

186 1921 350 1957 Juvenal,
375 1922 443 1952 xiv.
472 1923 512 1952 58
541 1925 644 1962 caput
671 1925 808 1952 ventosa
835 1920 1010 1952 cucurbita
1032 1925 1186 1962 quaerat.
1244 1921 1277 1953 It
1301 1931 1372 1953 was

187 1964 286 1996 often
304 1963 391 1996 used
407 1974 446 1996 as
464 1975 484 1995 a
501 1963 646 2006 remedy
662 1963 716 1995 for
732 1964 888 2005 insanity
904 1974 943 1995 or
959 1963 1131 1996 delirium.

191 2078 240 2117 64·
