1434 2333
414 108 530 144 THE
562 107 816 145 EPISTLES
848 109 919 145 OF
948 109 1157 147 SENECA

188 196 270 241 ille,
301 195 351 232 de
371 208 450 244 quo
479 195 669 244 loquebar
697 196 828 241 inodo,
858 197 1004 233 stultus
1033 200 1155 234 etiam
1188 200 1219 233 si
1253 198 1380 234 bonae

190 260 405 297 voluntatis
432 265 506 305 est,
525 265 595 296 aut
620 263 751 296 minus
777 274 895 310 quam
922 262 1046 298 debet
1065 267 1135 299 aut
1161 262 1236 298 alio
1262 276 1381 312 quam

190 325 314 362 debet
339 325 547 375 tempore1
567 331 637 362 aut
663 339 741 376 quo
767 340 847 363 non
873 327 997 364 debet
1022 328 1108 364 loeo
1131 327 1275 364 reddit.
1335 327 1382 364 Id

151 394 172 430 9
191 390 297 441 quod
318 390 574 428 referendum
596 397 670 437 est,
692 391 861 429 effundit
881 397 1001 442 atque
1021 392 1154 430 abicit.
1214 393 1315 428 Mira
1341 395 1382 428 in

191 455 428 506 quibusdam
461 457 578 493 rebus
613 457 820 493 verborum
855 461 1074 506 proprietas
1112 462 1173 495 est
1212 462 1254 495 et
1291 471 1384 494 con-

192 521 362 558 suetudo
396 524 587 558 sermonis
620 524 776 571 antiqui
809 522 1005 571 quaedam
1037 523 1311 560 efficacissimis
1343 527 1385 560 et

191 587 315 623 officia
353 586 590 624 docentibus
627 589 732 623 notis
771 590 912 637 signat.
972 587 1036 624 Sic
1070 593 1178 625 certe
1213 588 1384 624 solemus

191 652 322 701 loqui:
353 651 456 688 “ille
478 651 534 688 illi
555 655 723 701 gratiam
744 652 940 689 rettulit.”
1003 653 1164 690 Referre
1186 658 1247 690 est
1266 653 1384 698 ultro,

192 718 299 767 quod
328 718 489 763 debeas,
519 717 684 755 adferre.
746 717 837 754 Non
867 718 1033 755 dicimus
1063 721 1267 768 “gratiam
1297 718 1385 755 red-

192 783 332 828 didjt‚''
359 782 535 819 reddunt
565 786 670 819 enim
702 788 743 820 et
772 787 839 833 qui
869 790 1130 833 reposcuntur
1160 789 1201 821 et
1230 787 1297 834 qui
1326 787 1385 820 in-

193 851 264 885 viti
285 853 327 885 et
353 851 420 898 qui
449 848 617 884 ubilibet
644 853 686 885 et
713 852 780 898 qui
810 862 881 898 per
908 849 1040 886 alium.
1100 849 1192 885 Non
1218 849 1386 886 dicimus

194 916 409 963 “reposuit
438 913 711 951 beneficium'’
742 919 811 951 aut
840 914 1056 958 “solvit’';
1090 915 1243 951 nullum
1272 915 1386 951 nobis

127 986 175 1023 10
194 979 356 1029 placuit,
377 979 483 1029 quod
503 982 584 1016 aeri
610 979 740 1016 alieno
767 982 967 1024 convenit,
987 980 1162 1016 verbum.
1224 979 1386 1017 Referre

195 1050 256 1082 est
285 1044 335 1081 ad
365 1058 469 1090 eum,
489 1058 512 1081 a
541 1058 619 1094 quo
647 1048 861 1095 acceperis,
881 1058 965 1081 rem
994 1045 1107 1082 ferre.
1169 1046 1282 1082 Haec
1312 1058 1386 1081 vox

194 1110 391 1160 significat
424 1110 687 1147 voluntariam
716 1110 975 1154 relationem;
1006 1114 1073 1161 qui
1102 1110 1273 1157 rettulit,
1302 1113 1387 1160 ipse

195 1188 236 1211 se
256 1175 482 1224 appellavit.

262 1240 428 1290 Sapiens
457 1243 589 1276 omnia
618 1241 861 1277 examinabit
895 1254 1052 1278 secum:
1096 1246 1290 1290 quantum
1324 1255 1387 1277 ac-

195 1308 360 1355 ceperit,
380 1320 403 1342 a
429 1319 520 1355 qu0,
541 1305 712 1355 quando,
733 1305 816 1351 ubi,
840 1305 1185 1355 quemadmodum.
1247 1306 1388 1356 Itaque

195 1390 388 1427 negamus
408 1389 649 1426 quemquam
670 1379 767 1413 scire
783 1379 952 1425 gratiam
972 1376 1119 1413 referre
1140 1379 1215 1413 nisi
1236 1380 1389 1426 sapien-

196 1448 279 1480 tem
294 1456 303 1489 3
332 1455 413 1478 non
433 1445 558 1492 magis
578 1455 697 1491 quam
716 1441 954 1479 beneficium
974 1441 1068 1478 dare
1088 1444 1295 1491 quisquam
1316 1445 1390 1479 scit

196 1510 271 1544 nisi
293 1510 462 1556 sapiens,
482 1507 546 1543 hic
567 1507 731 1553 scilicet,
753 1510 820 1557 qui
841 1510 966 1557 magis
987 1507 1080 1544 dato
1101 1506 1251 1557 gaudet
1271 1520 1389 1557 quam

130 1574 175 1611 11
197 1573 296 1610 alius
322 1577 499 1622 accepto.
560 1573 650 1609 Hoc
676 1572 816 1622 aliquis
843 1575 949 1609 inter
976 1572 1044 1608 illa
1071 1577 1267 1617 numerat,
1288 1585 1389 1622 quae

252 1659 262 1679 ¹
286 1663 347 1691 aut
360 1659 429 1691 alio
442 1670 545 1702 quam
558 1659 649 1691 debet
661 1663 810 1701 tempore
822 1658 1033 1696 Buecheler;
1050 1664 1110 1691 aut
1124 1663 1271 1701 tempore
1282 1658 1386 1693 MSS.

252 1767 267 1781 α
290 1760 374 1793 This
408 1760 770 1803 “long—established
801 1760 1068 1802 terminology”
1095 1760 1230 1802 applies
1260 1763 1298 1793 to
1328 1761 1390 1793 the

199 1804 377 1837 verborum
403 1805 605 1847 proprietas
631 1804 671 1836 of
699 1803 919 1846 philosophie
950 1803 1095 1839 diction,
1125 1803 1209 1836 with
1238 1804 1390 1846 especial

199 1848 378 1880 reference
408 1850 445 1880 to
476 1849 516 1879 τὰ
548 1850 737 1887 καθήκοντα,
766 1846 827 1879 the
857 1848 1082 1889 appropriate
1113 1847 1230 1879 duties
1261 1847 1302 1879 of
1327 1847 1389 1879 the

199 1891 425 1933 philosopher
441 1891 512 1922 and
532 1890 594 1923 the
614 1890 738 1923 seeker
759 1890 851 1922 after
872 1890 1030 1923 wisdom.
1080 1890 1189 1927 Thus,
1208 1891 1337 1932 referre
1358 1892 1388 1923 is

199 1934 460 1976 distinguished
497 1934 588 1966 from
622 1935 774 1971 reddere,
806 1944 980 1976 reponere,
1012 1934 1150 1971 soh-ere,
1183 1933 1254 1965 and
1287 1933 1389 1966 other

198 1977 364 2009 financial
381 1980 502 2009 ternis.

253 2021 264 2040 ὓ
288 2021 358 2056 Μ,
376 2020 437 2052 the
455 2020 581 2053 Stoics.

199 2076 276 2109 224
