1434 2333
111 539 133 575 8

116 1063 137 1099 9

99 1642 147 1678 10

370 119 485 155 THE
516 120 768 157 EPISTLES
799 120 869 157 OF
899 120 1109 157 SENECA

146 209 275 257 posito
296 209 443 242 ieiunio
464 220 603 255 corpus
624 207 806 243 exhaurit
828 212 869 243 et
889 213 1044 257 purgat.
1103 209 1149 253 Ii,
1169 222 1335 258 quorum

148 272 272 322 pedes
299 271 410 308 dolor
435 274 597 320 repetit,
624 277 693 308 aut
720 274 811 308 vino
837 277 906 308 aut
935 273 1092 309 balineo
1118 274 1333 310 abstinent.

150 337 197 373 In
222 343 355 374 cetera
378 337 643 386 neglegentes
671 336 776 382 huic,
795 351 818 373 a
838 350 916 386 quo
943 351 1060 387 saepe
1084 338 1338 384 infestantur,

149 407 385 445 occurrunt3
419 405 473 439 sic
499 405 540 438 in
566 405 697 438 animo
723 408 857 439 nostro
885 408 978 440 sunt
1006 404 1202 453 quaedam
1228 407 1339 454 quasi

150 471 348 504 causariae
369 472 514 516 partes,
534 468 676 517 quibus
696 467 923 504 adhibenda
944 472 1093 505 curatio
1114 475 1186 506 est.

219 533 328 579 Quid
371 535 412 569 in
455 535 537 569 otio
574 532 704 569 facio?
781 533 904 569 Ulcus
947 547 1081 570 meum
1120 547 1221 571 curo.
1300 534 1341 571 Si

152 599 407 635 ostenderem
444 599 517 634 tibi
555 598 701 647 pedem
736 598 953 648 turgidum,
987 599 1147 636 lividam
1180 613 1343 636 manum

152 670 222 701 aut
251 666 445 700 contracti
475 666 596 700 cruris
625 664 753 700 aridos
782 677 935 709 nervos,
962 668 1217 713 permitteres
1246 665 1344 701 mihi

154 743 233 766 uno
267 730 353 765 loco
386 732 515 766 iacere
549 734 591 766 et
624 729 757 766 fovere
786 730 968 765 morbum
1001 743 1144 767 meum.
1216 730 1345 767 Maius

155 795 302 832 malum
323 800 385 831 est
405 795 492 840 1100,
513 794 619 843 quod
645 808 725 831 non
752 808 911 844 possum
938 796 1012 831 tibi
1039 795 1275 839 ostendere;
1304 799 1345 831 in

156 865 317 910 pectore
356 863 441 909 ipso
479 859 662 896 collectio
701 865 743 896 et
780 863 932 896 vomica
970 865 1040 897 est..
1115 861 1216 897 Nolo
1255 861 1346 897 nolo

155 926 307 971 laudes,
337 925 429 961 nolo
457 925 587 961 dicas:
618 928 678 960 “o
707 937 897 974 magnum
926 928 1074 962 virum!
1106 929 1347 975 contempsit

156 994 288 1027 onmia
318 996 360 1027 et
393 990 590 1027 damnatis
619 990 815 1026 humanae
846 993 950 1027 vitae
980 990 1175 1027 furoribus
1205 991 1346 1040 fugit.’'

159 1056 270 1092 Nihil
299 1055 482 1092 damnavi
512 1058 586 1091 nisi
620 1068 694 1091 me.
766 1055 857 1090 Non
887 1060 948 1091 est
977 1056 1083 1105 quod
1118 1056 1349 1105 proficiendi

159 1135 275 1158 causa
303 1124 438 1158 venire
467 1120 517 1157 ad
551 1133 615 1156 me
649 1120 756 1156 velis.
816 1120 943 1165 Erras,
973 1123 1040 1170 qui
1074 1120 1166 1157 hinc
1199 1121 1350 1171 aliquid

159 1186 294 1223 auxilii
321 1198 476 1235 sperasg
511 1198 591 1221 non
620 1184 811 1230 medicus,
841 1185 911 1221 sed
940 1198 1060 1234 aeger
1088 1185 1152 1221 hic
1181 1186 1347 1222 habitat.

163 1252 284 1297 Malo,
318 1265 408 1287 cum
442 1251 680 1295 discesseris,
713 1250 844 1287 dicas:
887 1254 1000 1299 “ego
1033 1254 1153 1287 istum
1187 1252 1349 1288 beatum

161 1318 364 1354 hominem
394 1317 583 1366 putabam
613 1320 654 1352 et
688 1315 899 1352 eruditum.
972 1317 1185 1353 Erexeram
1214 1330 1352 1360 au1·es;

162 1383 380 1420 destitutus
410 1395 506 1417 sum.
578 1380 687 1416 Nihil
716 1381 808 1425 vidi,
836 1380 934 1416 nihil
961 1381 1097 1426 audii,1
1127 1381 1234 1431 quod
1260 1395 1352 1418 con-

164 1451 421 1497 cupiscerem,
451 1446 501 1482 ad
530 1446 636 1495 quod
665 1445 923 1482 reverterer.'’
981 1445 1022 1482 Si
1052 1446 1126 1483 hoc
1155 1450 1292 1492 sentis,
1322 1450 1353 1484 si

165 1514 239 1550 hoc
266 1513 451 1562 loqueris,
477 1511 627 1561 aliquid
656 1510 880 1560 profectum
907 1517 977 1548 est.
1039 1512 1146 1548 Malo
1173 1515 1353 1561 ignoscas

164 1582 245 1615 otio
266 1591 355 1614 meo
375 1590 493 1627 quam
513 1576 699 1613 invideas.

233 1642 448 1687 “Otium,”
496 1644 639 1691 inquis,
679 1645 703 1661 “
716 1640 881 1686 Seneca,
930 1642 1182 1679 commendas
1229 1643 1354 1679 mihi?

363 1746 373 1765 1
397 1745 495 1777 audii
512 1744 720 1781 Rossbach;
743 1745 862 1776 audivi
877 1744 989 1782 VPb;
1014 1746 1111 1777 laudi
1126 1756 1160 1787 p.

220 1840 235 1853 α
261 1831 421 1864 Οαιιεανὶἰ
437 1830 555 1871 (Livy,
574 1830 618 1860 vi.
640 1830 672 1868 6)
690 1839 781 1860 were
797 1829 942 1861 soldiers
959 1840 1004 1861 on
1022 1830 1098 1862 sick
1114 1831 1222 1864 leave.

221 1877 233 1896 b
258 1875 387 1949 For4an
403 1875 592 1915 argument
608 1872 648 1904 of
665 1871 726 1904 the
744 1882 841 1904 same
858 1875 931 1904 sort
948 1883 1006 1904 see
1025 1873 1178 1911 Horace,
1196 1875 1312 1917 Epist.
1331 1877 1353 1911 i,

170 1923 197 1952 1.
219 1921 324 1950 93-10
360 1932 367 1949 :

401 1968 428 1994 Si
443 1968 561 1993 curatus
575 1967 717 1998 inaequali
730 1967 845 1992 tonsore
857 1967 978 1999 capillos

402 2002 529 2031 Occurri,
544 2000 619 2025 rides
638 2019 644 2025 .
666 2019 672 2025 .
693 2019 699 2025 .

403 2055 409 2061 .
431 2055 437 2061 .
459 2054 465 2060 .
486 2034 565 2066 quid,
580 2041 641 2059 mea
655 2041 720 2059 cum
733 2035 843 2066 pugnat
857 2035 1001 2060 sententia
1015 2037 1131 2063 secum?

171 2086 219 2117 48
