1434 2333
420 127 535 163 THE
565 125 817 162 EPISTLES
847 125 918 161 OF
947 125 1155 161 SENECA

196 218 302 252 inter
335 218 629 250 consummatae
662 215 880 261 sapientiae
910 215 1035 248 virum
1069 217 1112 248 et
1143 211 1263 248 alium
1293 224 1379 260 pro-

197 277 390 321 cedentis,
425 275 530 325 quod
564 277 670 310 inter
703 287 841 310 sanum
874 278 916 310 et
950 286 998 310 ex
1032 274 1167 309 morbo
1200 276 1307 322 gravi
1336 286 1380 308 ac

197 339 352 375 diutino
391 342 680 386 emergentem,
718 339 780 372 cui
823 339 1000 373 sanitatis
1038 335 1124 372 loco
1162 340 1223 372 est
1260 334 1382 371 levior

197 403 390 437 accessio:
420 399 484 435 hic
513 402 588 435 nisi
617 398 814 443 adtendit,
845 397 1011 434 subinde
1049 402 1234 447 gravatur
1268 401 1309 432 et
1341 399 1382 431 in

197 462 337 499 eadem
375 461 601 506 revolvitur,
633 463 787 509 sapiens
824 459 1001 496 recidere
1039 472 1119 495 non
1152 463 1298 508 potest,
1331 471 1383 494 ne

197 523 373 560 incidere
402 522 564 572 quidem
590 522 768 571 amplius.
828 521 987 570 Corpori
1014 523 1120 557 enim
1146 520 1197 556 ad
1225 525 1384 568 tempus

199 586 301 622 bona
330 585 516 621 valetudo
543 589 617 629 est,
637 597 755 633 quam
780 583 971 628 medicus,
992 585 1113 619 etiam
1139 585 1170 618 si
1196 581 1384 626 reddidit,

199 661 278 684 non
313 652 500 696 praestat,
535 659 652 695 saepe
683 645 733 682 ad
768 645 954 690 eundem,
988 644 1082 694 quil
1114 644 1385 689 advocaverat,

200 712 404 745 excitatur.
464 708 631 744 Animus
645 708 658 730 2
679 707 801 744 semel
821 709 863 743 in
882 712 1012 743 totum
1033 711 1201 742 sanatur.

158 781 179 818 7
268 771 420 814 Dicam,
450 769 647 819 quomodo
675 769 937 818 intellegamss
966 782 1127 805 sanum:
1169 771 1199 803 si
1231 781 1271 804 se
1301 771 1386 816 ipso

199 837 412 869 contentus
451 837 524 876 est,
559 834 589 867 si
628 831 789 867 confidit
827 831 913 875 sibi,
948 833 979 867 si
1017 832 1090 866 scit
1128 832 1259 866 omnia
1297 834 1388 865 vota

200 894 438 938 mortalium,
459 896 589 929 omnia
610 893 801 929 beneficia
816 905 916 942 quae
937 892 1082 928 dantur
1102 896 1386 940 petunturque,

200 956 353 992 nullum
383 958 423 991 in
453 955 569 991 beata
598 957 678 991 vita
707 954 853 991 habere
881 958 1139 990 momentum.
1199 953 1300 989 Nam
1326 955 1387 989 cui

200 1017 348 1067 aliquid
393 1016 583 1053 accedere
621 1021 767 1065 potest,
805 1016 846 1053 id
890 1015 1156 1064 inperfectum
1195 1021 1278 1059 est3
1326 1018 1386 1051 cui

200 1079 347 1129 aliquid
377 1078 590 1115 abscedere
620 1083 765 1127 potest,
786 1078 825 1114 id
855 1081 1135 1126 inperpetuum
1165 1082 1248 1121 est;
1278 1080 1387 1113 cuius

200 1146 394 1191 perpetua
414 1140 547 1177 futura
573 1140 727 1177 laetitia
754 1145 826 1185 est,
847 1143 878 1176 is
906 1152 974 1175 suo
1000 1139 1184 1188 gaudeat.
1243 1139 1388 1175 Omnia

200 1210 348 1248 autem,
378 1204 520 1253 quibus
554 1202 695 1251 vulgus
729 1202 868 1247 inhiat,
899 1201 1003 1238 ultro
1036 1204 1213 1251 citroque
1247 1201 1385 1238 fluunt.

204 1266 311 1302 Nihil
328 1265 397 1302 dat
413 1265 570 1301 fortuna
586 1266 792 1313 mancipio.
844 1263 924 1300 Sed
939 1263 1037 1300 haec
1053 1276 1210 1312 quoque
1226 1263 1389 1299 fortuita

201 1334 298 1365 tunc
319 1327 536 1371 delectant,
557 1340 647 1362 cum
667 1326 733 1362 illa
756 1329 855 1361 ratio
881 1329 1119 1374 temperam't
1143 1339 1188 1361 ac
1208 1328 1389 1369 miscuit;

202 1391 301 1427 haec
322 1394 395 1434 est,
426 1402 526 1438 quae
566 1391 686 1424 etiam
724 1393 890 1424 externa
922 1387 1189 1431 commendet,
1223 1401 1388 1437 quorum

163 1469 185 1503 8
202 1452 325 1488 avidis
346 1464 436 1487 usus
451 1453 628 1499 ingratus
645 1454 715 1486 est.
775 1448 937 1485 Solebat
954 1449 1114 1485 Attalus
1129 1449 1202 1485 hac
1217 1452 1390 1499 imagine

204 1517 286 1550 uti:
317 1513 486 1549 “vidisti
508 1512 718 1561 aliquando
739 1525 877 1548 canem
897 1514 1013 1547 missa
1039 1525 1061 1546 a
1087 1511 1247 1547 domino
1267 1511 1392 1548 frusta

205 1578 316 1625 panis
346 1580 415 1611 aut
449 1577 574 1610 carnis
607 1579 745 1623 aperto
778 1586 843 1609 ore
878 1574 1135 1622 captantem?
1192 1572 1391 1623 Quicquid

207 1640 378 1687 excepit,
412 1639 589 1731 protinluS
628 1639 829 1685 integium
867 1635 944 1672 dev
935 1640 1031 1672 orat
1069 1640 1110 1672 et
1148 1648 1304 1684 semper
1340 1635 1390 1672 ad

542 1713 635 1762 lquz'
652 1712 817 1754 Lipsius:
841 1724 937 1754 quem
954 1711 1055 1744 MSS.

519 1755 532 1774 “2
555 1756 690 1787 (mimus
706 1738 822 1787 added
838 1755 886 1797 by
904 1754 1074 1787 Muretus.

454 1800 466 1818 ³
491 1800 682 1841 intelleyam
699 1798 822 1835 Koch3
847 1766 1020 1840 i2yztelleqas
1036 1797 1138 1830 MSS.

261 1919 276 1932 α
302 1911 353 1953 Cf.
377 1910 574 1945 Lucretius,
592 1910 638 1940 iii.
655 1910 713 1939 971
729 1908 799 1940 vita
814 1908 986 1949 mancipio
1002 1908 1091 1939 ηιιῑῖὶ
1107 1909 1223 1944 (latur,
1242 1908 1395 1940 omnibus

209 1967 283 1988 usu.
331 1954 406 1986 Our
421 1953 507 1984 lives
523 1963 582 1984 are
599 1951 731 1993 merely
747 1951 873 1982 loaned
889 1954 925 1982 to
942 1961 1007 1987 υ3;
1031 1950 1166 1983 Nature
1185 1952 1316 1983 retains
1332 1951 1394 1983 the

209 1997 408 2030 dominium.
460 1995 512 2037 Cf.
538 1995 612 2027 also
636 1994 799 2027 Senecas
824 1994 987 2035 frequent
1010 1993 1122 2036 figure
1145 1994 1184 2026 of
1203 1994 1263 2026 life
1286 2004 1325 2026 as
1348 2005 1393 2026 an

207 2044 281 2077 inn,
299 2038 502 2072 contrasted
519 2037 601 2070 with
618 2048 639 2069 a
654 2037 764 2070 house
780 2047 863 2069 over
879 2036 992 2069 which
1008 2047 1075 2069 one
1092 2037 1155 2069 has
1172 2037 1380 2080 ownership.

213 2098 287 2131 100
