1434 2333
372 121 489 159 THE
519 118 774 157 EPISTLES
804 119 875 156 OF
905 118 1116 156 SENECA

153 210 304 248 multae
331 211 498 259 inopiae.
561 207 726 253 Aliter,’'
749 209 892 257 inquit,
914 210 938 227 “
952 219 1071 256 quam
1091 206 1227 251 debes,
1247 219 1342 256 pau—

155 286 354 330 pertatem
384 279 598 329 intellegis.
660 278 876 327 Paupertas
906 280 1012 314 enim
1042 281 1104 314 est
1133 290 1213 314 non
1242 290 1343 327 quae

155 364 279 401 pauca
300 350 491 400 possidet,
508 349 578 386 sed
593 362 695 399 quae
716 348 842 385 multa
862 361 942 384 non
963 347 1164 398 possidet3
1193 350 1249 385 ita
1264 360 1345 384 non

156 423 205 458 ab
226 435 273 459 eo
293 421 451 467 dicitur,
472 420 579 471 quod
600 420 736 465 habet,
757 419 828 456 sed
854 419 904 455 ab
925 432 985 465 eo,
1006 418 1113 469 quod
1134 421 1170 455 ei
1190 417 1343 456 deest.”

89 499 138 536 40
157 492 339 538 Facilius,
360 492 466 542 quod
492 491 594 537 volo,
616 493 893 540 exprimerem,
914 493 945 526 si
974 489 1162 526 Latinum
1182 489 1345 527 verbum

158 569 277 609 esset,
307 576 385 613 quo
415 560 625 612 ἀνυπαρξία
655 561 908 611 significatur.
970 561 1088 597 Hanc
1123 563 1349 610 paupertati

160 637 375 684 Antipater
402 633 610 682 adsignat;
653 646 728 682 ego
767 645 848 668 non
877 631 1007 677 video,
1037 631 1132 681 quid
1161 631 1270 668 aliud
1299 633 1350 667 sit

160 710 372 755 paupertas
393 718 511 754 quam
532 706 642 753 parvi
663 705 867 752 possessio.
929 701 991 739 De
1018 705 1094 739 isto
1115 702 1350 746 videbimus,

160 779 191 812 si
219 775 379 825 quando
408 775 523 812 valde
561 775 730 820 vacabit,
759 787 861 824 quae
901 776 951 810 sit
980 773 1221 818 divitiarum,
1251 785 1351 822 quae

160 849 406 896 paupertatis
438 846 683 889 substantia3
717 845 787 881 sed
816 850 913 881 tunc
942 857 1100 894 quoque
1130 843 1352 880 considera-

160 918 302 963 bimus,
329 917 524 966 numquid
553 919 675 953 satius
705 919 755 952 sit
784 921 1063 965 paupertatem
1093 914 1353 964 permulcere,

162 988 308 1024 divitiis
336 987 497 1025 demere
524 987 778 1036 supercilium
806 1000 924 1036 quam
951 986 1109 1036 litigare
1137 985 1187 1023 de
1212 985 1354 1031 verbis,

161 1062 271 1108 quasi
292 1061 369 1095 iam
391 1057 441 1095 de
462 1059 579 1095 rebus
600 1057 819 1094 iudicatum
840 1060 901 1094 sit.

94 1139 140 1175 41
234 1130 422 1166 Putemus
449 1143 519 1165 nos
546 1129 595 1166 ad
623 1132 851 1165 contionem
879 1134 1061 1172 vocato&
1096 1128 1160 1164 lex
1187 1128 1237 1165 de
1264 1128 1356 1164 abo-

163 1200 293 1237 lendis
323 1200 471 1236 divitiis
492 1199 628 1236 fertur.
695 1199 770 1235 His
800 1198 1179 1248 interrogationibus
1209 1200 1358 1235 suasuri

164 1277 234 1308 aut
272 1271 485 1308 dissuasuri
525 1271 687 1307 sumus?
755 1270 832 1306 His
871 1269 1065 1315 effecturi,
1104 1275 1150 1306 ut
1188 1269 1358 1319 populus

168 1343 366 1379 Romanus
393 1346 685 1391 paupertatem,
706 1341 1013 1377 fundamentum
1041 1346 1082 1377 et
1103 1353 1259 1377 causam
1287 1343 1357 1376 im-

166 1415 265 1462 perii
304 1416 376 1458 sui,
405 1415 581 1462 requirat
619 1425 663 1448 ac
701 1411 869 1457 laudet,1
900 1411 1057 1448 divitias
1095 1416 1231 1448 autem
1270 1423 1358 1447 suas

167 1486 320 1528 timeat,
342 1488 386 1520 ut
407 1486 559 1532 cogitet
579 1482 649 1518 has
669 1495 710 1519 se
736 1481 844 1531 apud
864 1485 989 1519 victos
1009 1485 1243 1532 repperisse,
1265 1480 1357 1518 hinc

166 1554 361 1590 ambitum
382 1559 424 1590 et
440 1553 671 1602 largitiones
692 1558 733 1589 et
755 1552 952 1590 tumultus
973 1556 1013 1589 in
1035 1553 1174 1589 urbem
1195 1555 1359 1589 sanctis-

166 1627 305 1661 simam
334 1626 738 1673 temperantissimam
768 1627 977 1672 inrupisse,
1006 1626 1122 1660 nimis
1160 1623 1357 1659 luxuriose

166 1698 358 1734 ostentari
375 1698 558 1745 gentium
575 1695 712 1745 spolia,
729 1694 836 1744 quod
856 1708 957 1731 unus
978 1695 1147 1744 populus
1168 1697 1359 1743 eripuerit

166 1767 362 1811 omnibus,
384 1766 537 1802 facilius
557 1766 608 1802 ab
628 1766 810 1802 omnibus
831 1768 898 1801 uni
921 1768 1019 1814 eripi
1039 1767 1182 1814 posse?
1242 1765 1358 1802 Hanc

434 1851 444 1871 ¹
470 1852 584 1884 laudet
601 1851 689 1883 later
706 1850 807 1884 MSS.
826 1865 835 1889 ;
860 1851 976 1883 laudes
991 1850 1090 1884 VPb.

220 1952 235 1966 ‘¹
259 1945 394 1978 Seneca
412 1945 495 1977 here
514 1944 630 1976 bursts
647 1945 722 1976 into
746 1955 767 1976 a
790 1944 940 1976 diatribe
957 1955 1002 1976 on
1027 1944 1087 1976 the
1104 1946 1305 1986 corruption
1322 1944 1363 1977 of

168 1987 293 2025 Rome,
312 2000 331 2020 a
349 1988 449 2020 habit
464 1988 578 2020 which
596 1998 648 2020 we
664 1987 739 2020 find
762 1989 797 2019 in
821 1998 929 2029 many
946 1988 1048 2020 other
1063 1988 1103 2020 of
1116 1987 1169 2020 his
1186 1989 1356 2030 writings.

167 2032 355 2073 especially
373 2033 407 2063 in
424 2032 485 2064 the
504 2031 693 2063 Naturales
711 2031 938 2070 Quaestione&

169 2082 245 2121 346
