1434 2333
386 83 502 119 THE
533 82 788 119 EPISTLES
820 83 891 119 OF
923 82 1134 119 SENECA

163 186 240 209 non
276 172 477 208 delectari.
539 170 669 207 Pudet
697 173 739 206 in
768 173 894 207 aciem
923 171 1168 208 descendere
1197 184 1267 220 pro
1296 170 1356 207 dis

163 231 471 280 hominibusque
493 235 719 279 susceptam
740 230 880 266 subula
899 235 1106 267 armatum.

121 292 142 326 2
231 294 255 310 ‘¹
269 289 349 335 Qui
370 289 544 338 prudens
565 294 640 334 est,
661 294 703 325 et
722 294 951 338 temperans
972 294 1043 326 est.
1103 288 1183 335 Qui
1202 294 1357 338 tempe-

165 362 254 386 rans
283 354 358 394 est,
388 353 430 385 et
468 353 664 384 constans.
724 347 803 394 Qui
843 353 1028 385 constans
1057 353 1130 393 est,
1160 351 1358 397 inpertur-

164 410 280 444 batus
307 413 378 444 est.
438 407 519 453 Qui
545 407 845 456 inperturbatus
875 412 950 452 est,
977 410 1062 444 sine
1091 410 1255 444 tristitia
1283 412 1355 443 est.

166 467 245 513 Qui
266 470 350 503 sine
371 469 533 503 tristitia
553 471 627 512 est,
644 466 784 503 beatus
801 471 863 503 est
878 479 886 510 3
916 480 1011 515 ergo
1027 466 1202 516 prudens
1218 467 1359 503 beatus

166 531 227 563 est
248 531 291 563 et
310 525 525 575 prudentia
544 525 595 562 ad
615 526 774 562 beatam
796 528 918 562 vitam
939 528 1033 562 satis
1054 525 1153 562 est.”

123 586 144 622 3
235 585 343 621 Huic
382 585 608 621 collectioni
646 584 721 620 hoc
755 584 873 621 modo
914 584 1170 634 Peripatetici
1199 583 1361 634 quidam

166 644 426 694 respondent,
447 649 492 680 ut
519 644 840 693 inperturbatum
868 649 910 680 et
936 649 1189 680 constantem
1216 649 1258 680 et
1277 645 1361 680 sine

166 706 328 740 tristitia
344 706 398 740 sic
414 706 744 752 interpretentur,
760 708 964 752 tamquam
984 703 1283 752 inperturbatus
1303 702 1361 738 di-

167 768 291 808 catur,
312 765 379 812 qui
399 776 485 798 raro
511 762 766 811 perturbatur
793 767 835 798 et
860 762 1029 807 modice,
1048 775 1129 798 non
1155 765 1222 811 qui
1248 774 1363 797 num-

169 835 298 872 quam.
360 821 465 858 Item
494 823 578 858 sine
608 823 771 858 tristitia
805 834 897 857 eum
927 821 1005 857 dici
1033 824 1158 866 aiunt,
1187 823 1255 870 qui
1284 833 1364 856 non

169 887 231 918 est
257 881 450 917 obnoxius
476 882 662 917 tristitiae
690 893 764 917 nec
786 880 974 930 frequens
1001 882 1195 917 nimiusve
1222 882 1263 915 in
1289 879 1364 916 hoc

170 943 276 977 vitio.
338 940 444 976 Illud
465 942 571 976 enim
591 939 807 975 humanam
827 945 1009 976 naturam
1025 952 1186 988 negare,
1202 939 1365 975 alicuius

170 1003 346 1036 animum
367 1002 574 1035 inmunem
591 1011 676 1035 esse
693 1001 864 1035 tristitia.
916 997 1147 1048 Sapientem
1165 1011 1245 1035 non
1262 1000 1365 1034 vinci

170 1072 361 1103 maerore,
382 1063 562 1095 ceterum
582 1061 704 1107 tangi.
765 1058 818 1094 Et
845 1062 979 1095 cetera
1004 1060 1045 1093 in
1070 1057 1177 1094 hunc
1203 1056 1366 1094 modum

129 1126 150 1161 4
173 1123 305 1155 sectae
333 1130 426 1154 suae
453 1117 748 1166 respondentia.
809 1117 899 1153 Non
919 1117 981 1153 his
1001 1116 1151 1153 tollunt
1170 1116 1366 1162 adfectus,

172 1177 241 1214 sed
272 1181 509 1226 temperant.
570 1174 820 1220 Quantulum
850 1181 985 1212 autem
1016 1178 1186 1225 sapienti
1215 1175 1367 1221 damus,

173 1239 204 1273 si
238 1235 544 1273 inbecillissimis
573 1234 712 1271 fortior
750 1240 811 1271 cst
845 1240 887 1271 et
924 1237 1194 1271 maestissimis
1227 1234 1369 1271 laetior

174 1301 215 1332 et
254 1294 564 1331 effrenatissimis
596 1294 837 1330 moderatior
874 1299 916 1330 et
948 1293 1180 1330 humillimis
1217 1289 1368 1330 maior?

175 1353 296 1400 Quid,
317 1356 348 1389 si
368 1356 534 1390 miretur
554 1353 808 1389 velocitatem
829 1365 940 1389 suam
962 1352 1089 1389 Ladas
1104 1352 1116 1376 1
1137 1352 1187 1389 ad
1208 1352 1368 1389 claudos

175 1413 409 1462 debilesque
429 1414 643 1461 respiciens
659 1413 672 1447 ?

306 1490 369 1522 Illa
386 1490 442 1522 vel
458 1491 613 1522 intactae
631 1491 762 1531 segetis
779 1500 841 1531 per
857 1500 995 1521 summa
1013 1489 1147 1521 volaret

305 1542 476 1575 Gramina
493 1553 557 1574 nec
574 1552 679 1574 cursu
695 1544 835 1573 teneras
853 1541 1015 1573 laesisset
1030 1542 1170 1576 aristas,

306 1594 369 1625 Vel
385 1604 482 1625 mare
498 1604 561 1636 per
577 1593 731 1625 medium
749 1592 859 1625 fluctu
876 1603 1048 1635 suspensa
1063 1593 1215 1625 tumenti

306 1645 427 1678 Ferret
444 1647 509 1678 iter
525 1645 655 1677 celeres
673 1655 738 1677 nec
755 1645 934 1686 tingueret
950 1655 1104 1687 aequore
1120 1644 1271 1686 plantas.

462 1723 472 1741 ¹
498 1723 614 1754 Ladas
631 1721 794 1763 Lipsius;
819 1722 967 1753 laudans
982 1720 1079 1753 VPb.

230 1799 245 1813 α
269 1792 323 1826 Cf.
344 1792 414 1834 Ep.
434 1791 551 1823 lxxxii.
573 1793 614 1823 24
629 1791 751 1823 subula
769 1791 892 1823 leonem
920 1791 1070 1832 arcipis?

231 1837 243 1856 '²
268 1836 307 1868 E.
329 1836 370 1868 V.
392 1835 529 1867 Arnold
545 1834 698 1876 (Roman
716 1834 884 1871 Stoicism,
898 1845 933 1875 p.
949 1834 1027 1873 333)
1041 1833 1126 1866 calls
1139 1835 1314 1866 attention
1333 1836 1370 1866 to

177 1880 238 1912 the
262 1880 404 1921 passion
429 1879 468 1910 of
488 1888 610 1919 anger,
636 1878 690 1909 for
714 1876 887 1918 example,
914 1876 1025 1909 which
1053 1877 1114 1909 the
1139 1876 1370 1919 Peripatetics

178 1922 338 1955 believed
355 1921 481 1954 should
498 1921 542 1953 be
560 1921 647 1963 kept
664 1920 776 1952 under
792 1920 942 1957 control,
955 1920 1018 1952 but
1036 1923 1098 1952 not
1114 1920 1278 1962 stamped
1294 1923 1367 1953 out.

232 1973 244 1986 ⁰
267 1965 399 2007 Vergil,
418 1965 564 2001 Aeneid,
583 1966 640 1996 vii.
660 1966 723 1995 808
740 1963 774 1995 ff.
823 1963 898 1995 The
921 1963 1009 1995 lines
1029 1963 1189 1996 describe
1208 1962 1368 2001 Camilla,

177 2009 239 2041 the
256 2009 421 2041 Volscian
438 2007 771 2040 warrior-huntress.

179 2059 255 2098 286

1399 2019 1412 2206 -ι-,ᾁὲ-ῌφ---
1407 2001 1412 2010 ..
1406 1934 1413 1963 -μ,
1407 1921 1410 1924 ⁴
