1434 2333
375 83 490 119 THE
520 83 771 120 EPISTLES
802 83 872 120 OF
901 83 1109 120 SENECA

152 172 263 207 nobis
280 170 516 219 persuadere
532 173 695 215 conaris,
711 170 809 206 nihil
829 173 1033 215 interesse,
1050 175 1181 207 utrum
1198 170 1336 219 aliquis

152 227 192 260 in
212 224 357 273 gaudio
387 227 438 260 sit
465 236 516 259 an
544 226 585 259 in
614 224 752 260 eculeo
780 226 906 260 iaceat
934 237 978 260 ac
1008 229 1196 261 tortorem
1224 237 1337 260 suum

152 277 271 313 lasset
286 277 299 312 ?
314 277 335 288 ''
395 277 575 313 Poteram
596 277 857 326 respondere:
887 277 1078 326 Epicurus
1102 290 1259 327 quoque
1283 279 1337 312 ait

153 333 388 379 sapientem,
408 333 439 366 si
466 333 507 366 in
529 329 744 366 Phalaridis
771 335 882 367 tauro
905 336 1124 379 peruratur,
1145 331 1338 367 exclama-

153 389 309 420 turum:
341 383 493 420 “dulce
520 388 581 420 est
608 388 649 420 et
674 383 725 420 ad
750 397 814 420 me
834 383 933 419 nihil
960 385 1172 433 pertinet.’'
1230 383 1338 429 Quid

153 440 316 482 miraris,
346 440 377 473 si
407 450 481 486 ego
510 440 617 486 paria
645 437 748 473 bona
778 437 866 473 dico
894 437 1054 474 alterius
1087 441 1129 474 in
1163 440 1340 474 convivio

154 490 349 535 iacentis,1
376 490 537 527 alterius
570 493 676 527 inter
708 495 907 527 tormenta
940 490 1151 527 fortissime
1186 494 1339 535 stantiS,

155 557 244 580 cum
277 544 411 594 quod2
445 543 714 580 incredibilius
752 549 813 580 est
846 544 952 580 dicat
985 544 1190 593 Epicurus,
1223 544 1339 580 dulce

89 593 135 630 19
155 611 240 635 esse
256 600 395 634 torreri
410 600 424 635 ?
470 597 541 634 Set
554 597 568 620 3
584 597 658 633 hoc
674 597 906 646 respondeo,
923 597 1133 646 plurimum
1150 601 1341 634 interesse

154 654 261 688 inter
297 651 485 700 gaudium
529 656 570 687 et
612 651 812 694 dolorem;
859 653 889 687 si
932 656 1143 700 quaeratur
1185 651 1341 695 electio,

154 705 323 741 alterum
367 709 514 753 petam,
551 704 718 740 alterum
757 705 899 740 vitabo.
978 704 1082 741 Illud
1125 705 1341 741 secundum

155 764 336 795 naturam
363 763 436 803 est,
463 757 537 793 hoc
564 763 710 794 contra.
768 757 967 803 Quamdiu
993 760 1046 794 sic
1072 761 1343 802 aestimantur,

156 825 300 860 magno
332 814 437 847 inter
470 824 510 847 se
540 811 734 847 dissident
767 814 918 860 spati03
960 824 1048 847 cum
1078 812 1128 847 ad
1157 814 1342 848 virtutem

157 870 323 901 ventum
344 870 417 909 est,
433 869 600 913 utraque
617 877 687 912 par
702 869 762 900 est
783 869 824 900 et
840 877 940 913 quae
956 877 1027 913 per
1046 865 1149 901 laeta
1165 865 1343 914 procedit

89 916 138 951 20
158 923 200 955 et
216 931 317 968 quae
333 931 404 967 per
419 920 555 953 tristia.
609 917 771 953 Nullum
788 917 911 954 habet
926 922 1173 954 momentum
1188 920 1344 954 vexatio

159 977 200 1008 et
230 971 342 1008 dolor
374 976 415 1007 et
445 971 633 1020 quicquid
661 971 768 1006 aliud
806 971 1044 1007 incommodi
1074 977 1157 1015 est;
1196 974 1343 1008 virtute

158 1028 266 1061 enim
321 1025 509 1060 obruitur.
586 1022 932 1068 Quemadmodum
987 1027 1141 1060 minuta
1196 1024 1345 1060 lumina

158 1079 314 1114 claritas
341 1077 432 1114 solis
458 1078 653 1122 obscurat,
674 1080 727 1112 sic
754 1076 921 1122 dolores,
948 1077 1160 1123 molestias,
1186 1080 1344 1114 iniurias

159 1135 282 1169 virtus
323 1130 599 1180 magnitudine
647 1143 715 1166 sua
757 1130 871 1166 elidit
912 1135 1031 1179 atque
1074 1134 1261 1180 opprimit
1303 1137 1345 1168 et

158 1197 408 1235 quocumque
442 1184 618 1228 adfulsit,
652 1184 706 1219 ibi
739 1183 926 1233 quicquid
960 1186 1043 1220 sine
1072 1184 1139 1220 illa
1167 1190 1344 1234 apparet,

160 1241 432 1286 extinguitur,
483 1250 557 1273 nec
599 1239 723 1285 magis
766 1237 885 1272 ullam
931 1239 1153 1285 portionem
1194 1237 1344 1275 habent

160 1291 422 1336 incommoda,
456 1304 545 1327 cum
583 1293 623 1326 in
657 1293 843 1327 virtutem
882 1290 1120 1335 inciderunt,
1153 1304 1269 1340 quam
1304 1295 1343 1327 in

161 1349 257 1382 mari
277 1345 445 1381 nimbus.

93 1400 138 1437 21
230 1399 320 1434 Hoc
342 1403 385 1434 ut
406 1400 502 1434 scias
522 1400 577 1433 ita
598 1409 696 1441 esse,
715 1396 765 1432 ad
785 1409 901 1433 omne
920 1397 1127 1446 pulchrum
1144 1400 1201 1433 vir
1220 1398 1344 1434 bonus

163 1456 247 1489 sine
295 1452 375 1488 ulla
421 1453 674 1487 cunctatione
722 1456 946 1499 procurret3
999 1456 1079 1487 stet
1124 1450 1203 1487 illic
1250 1452 1345 1488 licet

164 1505 350 1550 carnifex,
384 1509 464 1541 stet
502 1509 628 1540 tortor
664 1508 782 1553 atque
820 1506 934 1552 ignis,
967 1504 1233 1552 perseverabit
1271 1519 1344 1542 nec

164 1560 260 1610 quid
288 1571 483 1608 passurus,
513 1557 583 1594 sed
616 1557 711 1606 quid
744 1556 916 1593 facturus
949 1560 1011 1602 sit,
1035 1560 1212 1606 aspiciet,
1233 1564 1274 1594 et
1303 1572 1344 1595 se

219 1663 228 1681 ¹
254 1662 395 1694 alterius
412 1661 448 1693 in
461 1660 611 1692 convivio
627 1660 766 1692 iac-entis
777 1659 862 1701 Arg.
880 1659 920 1696 B,
932 1659 1121 1701 according
1136 1664 1173 1691 to
1186 1660 1340 1694 Oberlin.

166 1706 239 1738 Not
256 1707 290 1737 in
306 1705 368 1737 the
384 1704 485 1736 other
502 1702 603 1735 MSS.

218 1748 232 1768 2
255 1759 329 1780 cum
346 1748 436 1790 quod
451 1747 538 1778 later
554 1745 655 1778 MSS.
674 1759 683 1782 ;
705 1746 795 1787 quod
809 1756 883 1777 cum
899 1756 937 1777 or
953 1756 1090 1787 quocum
1115 1745 1216 1778 MSS.

219 1792 232 1811 ³
255 1791 382 1823 torreri
396 1791 454 1822 sed
470 1789 620 1830 Ludwig
635 1799 702 1820 von
719 1788 787 1820 Jan
802 1801 810 1824 ;
835 1788 974 1819 terroris
990 1792 1019 1819 et
1036 1787 1137 1820 MSS.

221 1915 234 1927 ⁴¹
260 1908 337 1940 One
354 1908 393 1939 of
413 1906 474 1938 the
490 1905 592 1937 stock
609 1905 678 1937 bits
695 1904 735 1936 of
748 1905 896 1936 heroisin
913 1905 1108 1936 attributed
1124 1908 1160 1937 to
1177 1905 1237 1937 the
1254 1907 1344 1938 ideal

168 1953 356 2026 {Ivislelmatm
403 1950 454 1992 Cf.
472 1949 644 1991 Epicurus
659 1947 774 1989 (Frag.
792 1950 849 1979 601
867 1947 1031 1988 Usener),
1046 1947 1180 1985 Cicero,
1198 1949 1290 1982 Tuse.
1309 1952 1340 1982 ii.

191 2020 198 2027 .
263 2019 272 2031 ‚
290 2005 308 2026 e
327 2005 356 2026 c.

173 2051 221 2084 14
