1434 2333
386 99 501 136 THE
532 98 786 136 EPISTLES
817 98 889 135 OF
919 97 1130 135 SENECA

125 186 147 223 3
168 188 458 225 Grammaticus
492 189 593 222 circa
626 198 760 222 curam
793 188 983 222 sermonis
1022 189 1200 222 versatur
1237 189 1292 229 et,
1324 186 1356 221 si

166 242 284 278 latius
308 242 465 290 evagari
490 239 589 284 vult,
610 242 712 276 circa
735 238 931 284 historias,
951 241 1028 275 iam
1056 243 1100 275 ut
1124 238 1355 288 longissime

167 295 263 331 fines
293 307 382 330 suos
411 293 598 342 proferat,
626 295 728 330 circa
757 295 939 329 carmina.
998 291 1107 338 Quid
1137 291 1277 328 horum
1305 290 1355 327 ad

167 351 355 384 virtutem
400 350 504 383 viam
546 348 718 383 sternit?
788 346 1035 396 Syllabarum
1077 348 1272 382 enarratio
1314 349 1357 381 et

167 402 375 438 verborum
391 400 601 450 diligentia
616 405 658 438 et
672 399 895 436 fabularum
910 402 1099 436 memoria
1115 405 1157 436 et
1172 411 1356 435 versuum

166 456 231 492 lex
269 468 313 491 ac
352 454 619 491 modificatio?
693 453 801 500 Quid
840 466 889 490 ex
926 453 987 490 his
1024 457 1178 490 metum
1217 452 1356 497 demit,

127 509 150 545 4
168 508 430 557 cupiditatem
447 511 599 553 eximit,
614 507 823 544 libidinem
839 507 969 544 frenat
984 510 998 544 ?
1018 536 1025 543 .
1049 536 1056 544 .
1080 536 1087 544 .
1115 506 1331 552 Quaeritur
1343 506 1355 528 1

168 568 302 599 utrum
322 562 493 599 doceant
512 565 578 598 isti
605 565 795 598 virtutem
820 575 871 597 an
897 574 977 597 non
992 574 1001 605 ;
1030 564 1061 597 si
1088 573 1168 597 non
1198 560 1355 605 docent,

169 630 219 652 ne
259 616 421 652 tradunt
460 615 634 665 quidem.
708 614 748 652 Si
787 614 948 660 docent,
987 613 1213 664 philosophi
1252 618 1354 650 sunt.

170 670 238 706 Vis
273 672 385 715 scire,
419 682 537 719 quam
574 682 654 705 non
687 669 735 705 ad
776 668 998 706 docendam
1036 671 1226 704 virtutem
1266 680 1359 703 con-

170 723 376 760 sederint?
433 723 592 772 Aspice,
612 736 731 772 quam
755 722 958 759 dissimilia
983 725 1089 758 inter
1112 735 1153 758 se
1182 723 1358 757 omnium

170 777 300 813 studia
321 779 423 820 sint;
456 779 567 826 atqui
588 776 806 813 similitudo
827 781 933 813 esset
952 776 1058 813 idem
1079 775 1320 812 docentium.

129 829 151 864 5
238 830 324 867 Nisi
371 829 474 866 forte
521 830 595 867 tibi
645 830 867 867 Homerum
912 829 1193 879 philosophum
1237 828 1359 864 fuisse

171 884 425 933 persuadent,
453 897 543 920 cum
572 883 632 920 his
662 886 768 932 ipsis,
790 884 931 933 quibus
961 883 1169 932 colligunt,
1193 887 1356 931 negent.

172 938 273 974 Nam
307 937 425 974 modo
459 937 635 974 Stoicum
670 937 784 974 illum
817 936 983 982 faciunt,
1014 939 1202 973 virtutem
1237 935 1359 972 solam

171 992 406 1041 probantem
427 996 469 1028 et
494 991 720 1040 voluptates
748 990 1017 1040 refugientem
1048 995 1089 1027 et
1115 990 1164 1026 ab
1191 989 1360 1026 honesto

170 1058 222 1082 ne
256 1045 553 1081 inmortalitatis
587 1045 747 1095 quidem
783 1048 913 1094 pretio
942 1044 1213 1089 recedentem,
1241 1042 1360 1080 modo

170 1099 424 1148 Epicureum,
458 1099 689 1135 laudantem
723 1103 871 1135 statum
911 1101 1071 1148 quietae
1110 1100 1281 1134 civitatis
1320 1102 1362 1133 et

169 1156 276 1189 inter
295 1155 473 1189 convivia
496 1158 715 1202 cantusque
739 1155 861 1188 vitam
882 1155 1094 1201 exigentiS,
1114 1151 1234 1187 modo
1256 1151 1362 1187 Peri-

170 1209 404 1255 pateticum,
434 1209 509 1242 tria
539 1207 731 1242 bonorum
763 1219 911 1254 genera
940 1205 1213 1250 inducentem,
1243 1204 1361 1241 modo

172 1260 469 1305 Academicum,
509 1263 639 1296 omnia
683 1263 834 1296 incerta
881 1259 1094 1296 dicentem.
1181 1258 1363 1307 Adparet

171 1312 270 1349 nihil
292 1313 433 1349 horum
453 1326 538 1350 esse
559 1316 599 1349 in
621 1313 701 1358 illo,
723 1316 814 1362 quia
833 1316 965 1349 omnia
985 1318 1087 1349 sunt.
1149 1312 1231 1348 Ista
1255 1314 1361 1349 enim

224 1382 234 1401 ¹
259 1382 495 1424 After-frenat
516 1381 618 1414 MSS.
638 1383 719 1423 give
739 1383 785 1414 acl
797 1383 1018 1423 yeometriam
1039 1385 1254 1413 transeamus
1270 1380 1363 1413 etad

173 1426 318 1458 musicen
330 1438 344 1464 ,·
375 1425 462 1457 nihil
486 1426 582 1467 apud
607 1425 687 1457 illas
714 1425 874 1462 rim-enies,
900 1425 991 1467 qnod
1014 1429 1098 1456 vetet
1126 1424 1253 1461 timere,
1278 1428 1363 1456 vetet

172 1479 301 1511 cupere.
353 1468 511 1510 Quisquis
536 1469 684 1509 {quot-at,
710 1469 782 1500 alia
807 1468 941 1506 frustra
963 1468 1037 1504 scit,
1065 1467 1205 1509 leaving
1229 1478 1273 1499 an
1299 1468 1363 1498 im-

171 1511 326 1554 possible
342 1514 472 1553 syntax
489 1512 610 1544 before
629 1516 755 1544 ntrum.
798 1505 1003 1544 'Videndum
1018 1515 1135 1543 utram
1149 1511 1238 1543 later
1255 1509 1358 1543 MSS.

174 1555 361 1594 Quaeritur
377 1555 493 1586 would
509 1555 553 1586 be
570 1566 591 1586 a
607 1554 814 1586 reasonable
830 1554 1043 1596 conjecture.

224 1640 239 1654 α
265 1633 518 1665 Grammaticus
549 1634 583 1664 in
607 1632 767 1664 classic-al
791 1632 912 1666 Greek
943 1642 1065 1664 means
1096 1637 1198 1664 “one
1228 1631 1307 1664 who
1334 1632 1363 1663 is

172 1676 322 1708 familiar
353 1676 437 1708 with
467 1676 528 1708 the
559 1675 780 1718 alphabet'';
817 1677 852 1707 in
884 1675 944 1707 the
975 1675 1214 1707 Alexandrian
1245 1685 1312 1717 age
1341 1685 1363 1706 a

174 1725 195 1737 ‘⁶
209 1719 355 1752 student
376 1719 416 1751 of
436 1719 616 1762 literature
629 1719 666 1756 ”3
690 1720 725 1751 in
749 1718 811 1751 the
836 1719 975 1751 Roman
996 1729 1063 1760 age
1084 1718 1145 1750 the
1161 1718 1363 1760 equivalent

171 1763 211 1795 of
225 1763 406 1817 litim-afeca.
455 1762 591 1795 Seneca
608 1772 730 1794 means
755 1762 837 1794 here
861 1773 881 1794 a
900 1767 923 1780 ‘⁶
938 1762 1116 1803 specialist
1131 1762 1166 1793 in
1183 1761 1362 1803 linguistic

172 1817 320 1838 seleuce.

226 1850 238 1870 ²⁷
261 1849 331 1886 ist„
350 1848 563 1891 philosophy
580 1849 732 1890 (virtue).

225 1898 237 1912 ⁶
259 1892 344 1924 This
366 1892 493 1934 theory
517 1902 589 1924 was
612 1891 792 1934 approved
816 1892 863 1933 by
888 1891 1125 1928 Democritus,
1150 1890 1302 1933 Hippias
1326 1889 1366 1922 of

174 1936 258 1972 Elis,
283 1935 354 1967 and
377 1936 438 1967 the
462 1935 661 1977 allegorical
692 1937 941 1977 interpreters3
973 1934 1224 1976 Xenophanes,
1251 1933 1364 1965 Hera-

174 1979 289 2014 clitus,
303 1978 375 2010 and
392 1978 492 2010 Plato
505 1978 650 2010 himself
663 1977 885 2010 condemned
903 1977 1039 2010 Homer
1052 1978 1105 2010 for
1117 1977 1172 2010 his
1185 1975 1364 2020 supposed

174 2021 444 2063 unphilosophic
460 2022 702 2056 fabrications.

177 2078 253 2110 350
