1434 2333
124 723 146 758 3

124 1035 143 1069 4

124 1410 145 1446 U(

396 136 511 172 THE
541 134 797 172 EPISTLES
828 134 899 171 OF
929 133 1141 171 SENECA

169 228 285 262 armis
311 224 622 275 quiescentibus,
646 236 736 259 cum
762 227 849 260 toto
872 223 967 260 orbe
997 227 1190 259 terrarum
1220 223 1359 260 diffusa

169 289 357 323 securitas
402 288 465 330 sit,
512 285 796 335 Lugudunum,
834 284 942 334 quod
987 284 1276 321 ostendebatur
1319 288 1356 321 in

170 348 311 392 Gallia,
332 349 543 397 quaeritur.

236 409 433 446 Omnibus
481 409 652 453 fortuna,
695 421 793 458 quos
841 408 1001 457 publice
1048 408 1213 455 adflixit,
1252 409 1358 459 quod

168 474 316 520 passuri
338 476 463 515 erant,
481 474 622 507 timere
643 473 833 519 permisit.
895 470 1015 507 Nulla
1034 484 1096 508 res
1115 484 1260 521 magna
1280 485 1360 507 non

167 533 327 582 aliquod
350 533 490 569 habuit
517 536 653 570 ruinae
681 545 773 569 suae
799 535 995 581 spatium3
1025 536 1065 569 in
1090 533 1163 570 hac
1183 546 1262 569 una
1282 546 1359 569 nox

167 595 350 632 interfuit
370 598 476 631 inter
497 596 636 632 urbem
656 597 867 631 maximam
889 599 931 631 et
950 594 1113 632 nullam.
1173 595 1360 645 Denique

167 658 317 694 diutius
337 658 447 694 illam
466 658 540 694 tibi
562 660 709 707 perisse
731 670 849 707 quam
871 661 975 706 perit
994 671 1118 694 narro.

237 721 350 758 Haec
380 723 511 757 omnia
540 720 732 756 Liberalis
759 723 881 756 nostri
909 720 1113 757 adfectum
1140 720 1356 757 inclinant]

165 782 352 819 adversus
387 796 455 819 sua
489 782 643 818 firmum
679 787 721 818 et
759 787 947 819 erectum.
1008 783 1093 819 Nec
1127 786 1211 819 sine
1245 796 1361 819 causa

167 858 379 882 concussus
406 850 490 888 est3
529 848 786 894 inexpectata
815 843 902 893 plus
931 844 1173 894 adgravant3
1206 848 1361 882 novitas

166 907 288 944 adicit
308 907 600 943 calamitatibus
622 906 789 955 ponduS‚
810 919 884 942 nec
906 909 1113 956 quisquam
1134 907 1359 944 mortalium

167 983 247 1006 non
267 972 393 1018 magis
414 969 519 1018 quod
541 971 662 1005 etiam
683 971 847 1004 miratus
868 973 942 1014 est,
964 969 1103 1006 doluit.

235 1031 332 1068 Ideo
352 1031 450 1067 nihil
473 1032 585 1067 nobis
602 1033 845 1080 inprovisum
862 1044 948 1068 esse
966 1031 1100 1069 debet.
1161 1032 1212 1084 In
1229 1035 1361 1069 omnia

166 1094 484 1145 praemittendus
498 1093 512 1116 2
532 1096 686 1130 animus
707 1093 1045 1143 cogitandumque
1066 1107 1146 1130 non
1167 1094 1361 1145 quidquid

167 1157 282 1202 solet,
303 1156 373 1193 sed
393 1155 582 1206 quicquid
603 1160 737 1204 potest
757 1155 850 1192 fieri.
912 1155 1021 1201 Quid
1041 1159 1148 1192 enim
1164 1162 1238 1203 est,
1254 1157 1361 1207 quod

166 1232 246 1255 non
277 1219 447 1262 fortuna,
478 1231 569 1254 cum
599 1217 736 1262 voluit,
761 1230 810 1253 ex
840 1217 1116 1255 florentissimo
1145 1219 1360 1256 detrahat?

167 1284 286 1330 Quod
325 1297 405 1319 non
444 1296 491 1319 eo
529 1285 655 1331 magis
699 1281 957 1331 adgrediatur
995 1288 1038 1319 et
1075 1287 1241 1333 quatiat,
1281 1298 1360 1334 quo

168 1348 381 1396 speciosius
402 1344 559 1393 fulget?
615 1343 723 1389 Quid
750 1344 807 1379 illi
831 1344 998 1380 arduum
1025 1345 1171 1394 quidve
1201 1346 1360 1384 difficile

167 1410 256 1446 est?
314 1408 405 1443 Non
430 1420 507 1442 una
533 1409 595 1442 via
617 1419 787 1455 semper,
808 1419 858 1442 ne
882 1412 968 1443 tota
994 1407 1156 1457 quidem
1180 1411 1360 1455 incurrit,

168 1471 285 1508 modo
305 1474 458 1506 nostras
479 1471 519 1504 in
545 1481 616 1504 nos
643 1481 781 1504 manus
811 1468 991 1514 advocat,
1013 1470 1129 1506 modo
1160 1473 1238 1507 suis
1268 1484 1360 1508 con—

166 1539 281 1571 tenta
301 1532 447 1568 viribus
467 1533 621 1568 invenit
648 1531 823 1580 pericula
847 1535 931 1569 sine
961 1539 1134 1570 auctore.
1195 1533 1359 1571 Nullum

167 1602 325 1645 tempus
355 1598 570 1643 exceptum
600 1598 684 1636 est3
722 1596 764 1629 in
793 1596 887 1642 ipsis
917 1595 1190 1644 voluptatibus
1220 1609 1359 1634 causae

360 1664 368 1682 1
396 1663 564 1695 inclinant
581 1662 658 1695 cod.
680 1662 805 1695 Harl.:
832 1663 1067 1696 inclinandum
1090 1665 1162 1697 BA.

306 1708 318 1726 '-'
339 1707 612 1749 praemittemlns
628 1705 717 1737 later
734 1705 836 1738 MSS.
855 1716 863 1743 ;
884 1708 1135 1748 permittendus
1153 1708 1227 1741 BA.

219 1791 233 1803 1¹
257 1783 349 1815 That
374 1782 508 1823 Lyons,
527 1781 680 1814 situated
705 1784 742 1814 at
765 1782 826 1814 the
845 1782 1006 1824 junction
1032 1785 1072 1816 of
1092 1785 1153 1817 the
1177 1785 1268 1818 Arar
1290 1787 1362 1818 and

166 1827 227 1859 the
246 1827 384 1863 Rhome,
397 1836 468 1857 was
485 1825 524 1857 of
537 1825 689 1866 especial
706 1827 932 1866 prominence
949 1828 984 1858 iu
1002 1827 1106 1867 Gaul,
1126 1839 1209 1870 may
1226 1829 1270 1861 be
1286 1830 1361 1862 also

167 1869 339 1911 gathered
355 1869 446 1900 from
469 1868 531 1900 the
554 1868 628 1899 fact
649 1868 727 1900 that
751 1870 778 1900 it
800 1869 949 1901 boasted
973 1881 993 1901 a
1014 1875 1247 1911 government
1272 1874 1361 1905 mint

168 1913 238 1944 and
261 1913 322 1944 the
346 1912 425 1943 Ara
452 1911 670 1953 [inflasti—22
694 1911 811 1943 shrine
836 1913 1053 1945 established
1078 1914 1132 1945 for
1154 1914 1215 1946 the
1231 1916 1362 1948 annual

169 1956 319 1997 worship
343 1955 383 1986 of
409 1954 455 1986 all
478 1954 539 1986 the
563 1954 678 1987 Gallie
709 1957 831 1987 states.
883 1955 1079 1993 Moreover,
1105 1958 1166 1989 the
1191 1958 1362 2000 Emperor

168 1998 334 2073 ilaudius
352 1997 529 2080 c}gl}v;3red
548 1997 602 2029 his
620 1998 758 2030 famous
782 1998 930 2031 address
950 2001 984 2031 in
1001 2000 1079 2032 that
1096 2002 1169 2042 city
1185 2005 1259 2042 (see
1275 2002 1358 2035 Tac.

209 2053 265 2073 Ιὶη.
286 2052 330 2072 XI.
352 2054 369 2072 *a
427 2067 433 2073 .
457 2067 463 2073 .

168 2097 245 2130 432
