1434 2333
428 119 543 155 THE
572 116 825 155 EPISTLES
855 117 926 154 OF
954 117 1163 155 SENECA

204 214 246 244 et
284 211 389 243 vario
428 207 565 243 exitii1
604 219 751 255 genere
789 206 1005 250 tollentur3
1047 206 1140 243 alias
1178 206 1386 243 destruent

204 261 321 305 bella,
337 260 432 296 alias
449 259 600 296 desidia
615 272 771 309 paxque
787 259 837 295 ad
856 261 1040 295 inertiam
1055 272 1164 296 versa
1180 263 1385 296 consumet

205 320 247 351 et
279 316 432 363 magnis
467 314 606 362 opibus
640 316 803 349 exitiosa
841 325 916 357 res,
949 312 1073 349 luxus.
1132 312 1282 349 Omnes
1316 311 1386 348 hos

204 367 357 404 fertiles
378 380 535 416 campos
551 369 761 415 repentina
774 366 788 389 2
808 368 925 402 maris
944 366 1151 402 inundatio
1171 365 1389 402 abscondet

203 426 273 457 aut
319 424 360 456 in
406 421 577 457 subitam
624 433 830 456 cavernam
869 419 1109 456 considentis
1148 419 1219 456 soli
1255 419 1386 468 lapsus

204 474 386 511 abducet.
445 474 553 519 Quid
574 479 635 510 est
661 487 755 521 ergo
781 486 900 522 quare
921 472 1106 521 indigner
1124 477 1192 509 aut
1218 472 1387 516 doleam,

136 527 184 564 16
204 531 235 564 si
252 531 395 577 exiguo
410 532 613 564 momento
630 527 787 576 publica
802 526 883 562 fata
898 526 1120 575 praecedo?
1136 525 1157 537 ''
1216 525 1387 574 Magnus

205 585 357 618 animus
391 581 467 617 deo
501 586 638 630 pareat
667 585 709 617 et
741 580 930 629 quicquid
963 580 1027 616 lex
1060 581 1232 616 universi
1265 578 1390 622 iubet,

205 638 290 671 sine
311 638 565 671 cunctatione
593 637 789 683 patiatur;
819 638 887 669 aut
907 636 948 669 in
968 633 1172 669 meliorem
1194 634 1391 668 emittitur

206 691 327 725 xitam
348 688 515 725 lucidius
541 687 872 737 tranquilliusque
899 689 1004 723 inter
1029 686 1161 722 divina
1183 697 1388 721 mansurus

203 748 273 778 aut
302 747 409 778 certe
440 745 523 777 sine
553 742 634 777 ullo
661 741 816 777 futurus
842 740 1092 776 incommodo
1116 739 1202 776 sui3
1222 743 1385 775 naturae

205 796 480 832 remiscebitur
500 800 541 831 et
560 800 784 831 revertetur
803 797 844 830 in
864 798 1005 829 totum.

274 849 363 884 Non
394 854 455 884 est
489 861 582 897 ergo
613 848 666 884 M.
700 848 858 883 Catonis
887 850 1011 882 maius
1044 846 1191 882 bonum
1222 845 1390 881 honesta

204 905 284 938 vita
318 915 433 951 quam
469 915 571 937 mors
601 901 780 945 honesta,
819 903 1004 950 quoniam
1042 912 1121 935 non
1167 898 1390 935 intenditur

205 959 338 992 virtus.
414 955 527 991 Idem
566 967 651 991 esse
690 954 849 990 dicebat
888 952 1069 989 Socrates
1107 955 1316 988 veritatem
1350 956 1391 987 et

206 1012 405 1046 virtutem.
475 1008 684 1053 Quomodo
713 1007 780 1043 illa
808 1020 889 1043 non
918 1009 1073 1051 crescit,
1104 1009 1158 1042 sic
1187 1018 1238 1041 ne
1268 1007 1391 1041 virtus

138 1061 184 1099 17
206 1062 366 1112 quidem
383 1075 391 1105 ;
431 1061 554 1098 habet
582 1074 765 1097 numeros
795 1073 897 1106 suos,
926 1060 1044 1109 plena
1074 1064 1145 1096 est.
1206 1059 1294 1094 Non
1330 1063 1391 1095 est

204 1119 339 1165 itaque
374 1115 479 1165 quod
517 1118 668 1151 mireris
702 1117 810 1163 paria
848 1127 933 1150 esse
972 1114 1088 1157 bona,
1122 1117 1163 1148 et
1202 1124 1302 1161 quae
1342 1124 1389 1148 ex

205 1172 405 1218 proposito
444 1168 635 1205 sumenda
674 1173 767 1204 sunt
805 1173 845 1204 et
884 1180 984 1217 quae
1023 1170 1054 1202 si
1092 1168 1147 1202 ita
1184 1178 1245 1202 res
1284 1165 1387 1201 tulit.

207 1223 309 1259 Nam
339 1226 369 1259 si
405 1222 505 1258 hanc
539 1221 867 1270 inaequalitatem
904 1222 1112 1269 receperis,
1151 1224 1195 1255 ut
1234 1218 1391 1255 fortiter

205 1279 380 1325 torqueri
420 1279 461 1311 in
509 1276 723 1311 minoribus
770 1275 883 1310 bonis
929 1285 1126 1317 numereS,
1164 1272 1390 1308 numerabis

205 1333 326 1366 etiam
341 1333 382 1365 in
401 1329 526 1373 malis,
545 1334 585 1365 et
606 1328 809 1365 infelicem
823 1327 1013 1364 Socraten
1033 1326 1139 1362 dices
1159 1328 1201 1361 in
1221 1338 1389 1370 carcere,

204 1383 405 1419 infelicem
455 1383 645 1418 Catonem
692 1381 854 1417 vulnera
901 1394 969 1416 sua
1015 1382 1225 1416 animosius
1272 1392 1389 1428 quam

402 1451 412 1471 ¹
437 1451 529 1482 esitii
544 1451 632 1482 later
649 1449 778 1485 Mss.;
802 1449 914 1481 mmm
930 1449 988 1485 v;
1013 1448 1103 1480 arim
1121 1447 1182 1480 Pb.

407 1494 419 1513 ²
444 1494 619 1536 repentina
637 1493 726 1524 later
743 1491 845 1525 MSS.
864 1506 872 1528 ς
897 1492 1067 1534 repentini
1083 1490 1183 1522 VPb.

539 1537 551 1555 ³
574 1537 628 1568 sui
645 1535 689 1569 G.
710 1535 875 1571 Gemoll3
899 1535 928 1566 .ςί
946 1534 1043 1566 VPb.

256 1607 272 1620 ‘²
296 1599 364 1631 For
380 1610 401 1630 a
417 1599 509 1631 clear
524 1598 595 1630 and
612 1598 675 1629 full
692 1597 888 1629 discussion
910 1596 1098 1637 regarding
1120 1594 1216 1627 Stoic
1233 1597 1339 1627 views
1355 1595 1395 1627 of

202 1643 264 1675 the
275 1642 503 1683 immortality
513 1642 553 1673 of
562 1641 623 1673 the
634 1641 722 1677 soul,
730 1640 801 1672 and
812 1639 975 1672 Seneca's
986 1649 1063 1670 own
1076 1639 1217 1679 opinion
1230 1638 1388 1673 thereon,

204 1697 263 1719 see
280 1686 318 1718 E.
341 1685 384 1717 V.
407 1684 554 1720 Arnold,
572 1685 709 1716 Roman
727 1683 893 1718 Stoicism,
911 1693 968 1723 pp.
990 1684 1052 1712 :2612
1062 1681 1096 1712 ff.

257 1730 270 1749 ὃ
295 1729 346 1790 Οζ.
368 1731 383 1767 ἓ
408 1730 448 1759 -20
471 1728 512 1759 of
531 1727 601 1759 this
625 1727 748 1758 letter:
780 1726 895 1767 riyida
919 1736 954 1757 re
979 1724 1061 1766 quid
1084 1724 1234 1766 amplius
1257 1724 1390 1756 intendi

200 1776 362 1849 Pozegila,
395 1813 605 1854 knowledge
643 1812 683 1844 of
715 1812 819 1848 facts,
852 1821 890 1843 as
926 1810 1058 1843 Seneca
1092 1820 1131 1841 so
1162 1809 1260 1841 osten
1292 1819 1385 1851 says.

207 1858 259 1900 Qf.
288 1857 401 1893 Plato,
430 1856 544 1892 Meno,
569 1858 607 1887 87
632 1867 649 1887 c
679 1857 839 1893 ἐπιστήμη
864 1867 907 1886 τις
936 1856 954 1891 ὴ
978 1855 1083 1892 ἀρετή,
1109 1852 1181 1884 and
1204 1852 1386 1889 Aristotle‚

204 1901 284 1933 Eth.
305 1902 347 1933 vi.
371 1902 410 1931 13
427 1902 592 1954 wafpdrns
616 1923 622 1931 .
653 1923 660 1930 .
688 1923 694 1929 .
723 1901 834 1938 λόγους
851 1900 905 1929 τὰς
922 1898 1032 1937 ἀρετὰς
1052 1896 1129 1935 ᾤετο
1149 1898 1239 1932 εἶναι,
1259 1898 1386 1932 ἐπιστή-

203 1956 434 2018 μαςᾶγῗῖιίεεψῗὲ
450 1955 719 2026 7Τίῗίῖῑαςὲᾗοοθρῒθᾶ
742 1983 838 2016 Stoic
861 1982 1042 2017 doctrinm
1077 1992 1136 2013 see
1161 1981 1228 2023 Ep.
1254 1980 1332 2012 lxvi.
1353 1984 1382 2013 5.

203 2029 325 2062 Goods
336 2040 394 2060 arc
406 2028 520 2070 equal,
532 2027 704 2063 absolute,
717 2026 787 2058 and
797 2025 1037 2067 independent
1047 2024 1087 2056 of
1095 2026 1387 2061 circumstances3

209 2086 256 2117 82
