1434 2333
390 100 506 137 THE
535 99 792 137 EPISTLES
823 98 895 136 OF
924 99 1136 137 SENECA

165 193 281 226 tenet
314 201 479 233 summa,
512 192 554 224 et
587 201 638 224 ne
670 187 740 224 ulli
774 187 937 237 quidem
969 190 1045 224 nisi
1079 188 1153 225 sibi
1174 190 1354 224 innixus.

167 248 268 283 Nam
288 250 355 297 qui
375 247 507 297 aliquo
527 247 673 283 auxilio
697 249 927 292 sustinetur,
948 251 1084 296 potest
1104 247 1256 283 cadere.
1316 245 1357 282 Si

164 307 280 343 aliter
317 311 391 352 est,
429 309 624 355 incipient
662 306 834 343 multum
872 309 914 342 in
950 306 1064 342 nobis
1102 305 1232 342 valere
1277 318 1356 341 non

164 370 307 402 nostra.
367 365 467 411 Quis
505 371 640 402 autern
678 365 765 402 vult
802 370 983 402 constare
1023 365 1249 402 fortunam1
1288 369 1358 401 aut

164 427 251 474 quis
272 437 313 460 se
334 424 508 473 prudens
529 425 580 461 ob
599 425 729 462 aliena
748 426 941 461 miratur?

123 478 145 514 3
233 482 341 529 Quid
383 489 444 520 est
487 484 603 520 beata
642 485 754 520 vita?
828 483 1027 521 Securitas
1075 489 1116 521 et
1164 488 1358 533 perpetua

165 543 441 592 tranquillitas.
504 543 620 579 Hanc
658 543 768 580 dabit
806 546 927 579 animi
964 543 1213 593 magnitudo,
1247 543 1360 579 dabit

164 605 387 639 constantia
416 603 520 640 bene
549 602 713 639 iudicati
748 608 879 639 tenax.
939 603 1004 639 Ad
1032 602 1131 640 haec
1161 602 1358 653 quomodo

165 664 426 710 pervenitur?
500 661 541 698 Si
594 665 739 698 veritas
791 667 877 698 tota
928 667 1138 711 perspecta
1189 667 1276 706 est3
1328 664 1360 699 si

165 725 341 757 servatus
373 725 434 757 est
468 723 508 756 in
542 721 659 757 rebus
693 721 859 771 agendis
897 721 1006 766 ordo,
1039 721 1194 767 modus,
1227 721 1359 767 decor,

164 782 326 815 innoxia
366 780 548 816 voluntas
593 793 637 816 ac
682 781 870 829 benigna,
908 783 1065 817 intenta
1103 783 1246 817 rationi
1284 793 1359 817 nec

165 851 352 888 umquam
373 839 422 875 ab
437 839 505 874 illa
526 839 730 884 recedens,
746 839 925 876 amabilis
945 839 1060 876 simul
1077 839 1356 889 mirabilisque.

166 898 352 947 Denique
393 903 437 934 ut
474 899 649 935 breviter
687 899 761 935 tibi
802 898 1012 936 formulam
1052 899 1232 944 scribam,
1270 899 1360 935 talis

165 960 319 993 animus
340 970 425 994 esse
447 960 636 1006 sapientis
661 961 732 994 viri
752 957 889 1004 debet,
910 958 1037 1008 qualis
1064 958 1184 995 deum
1205 957 1358 995 deceat.

124 1014 147 1049 4
167 1015 274 1061 Quid
307 1021 441 1065 potest
470 1016 695 1054 desiderare
734 1020 779 1062 is,
809 1021 871 1054 cui
910 1020 1042 1053 omnia
1071 1017 1240 1054 honesta
1269 1031 1360 1053 con-

166 1077 362 1123 tingunt?
420 1075 522 1112 Nam
570 1079 601 1113 si
654 1081 820 1125 possunt
867 1076 1018 1126 aliquid
1065 1090 1144 1113 non
1192 1076 1362 1113 honesta

167 1133 346 1171 conferre
375 1134 426 1171 ad
452 1138 648 1184 optimum
678 1141 841 1181 statum,
861 1139 902 1172 in
930 1135 991 1172 his
1021 1139 1095 1173 erit
1124 1136 1243 1173 beata
1267 1138 1361 1181 vita,

167 1195 252 1229 sine
290 1194 433 1243 quibus
471 1194 670 1231 honesta.2
727 1195 780 1231 Et
824 1195 920 1244 quid
958 1198 1112 1244 turpius
1151 1195 1362 1231 stultiusve

167 1265 286 1302 quam
337 1253 485 1288 bonum
537 1253 738 1290 rationalis
789 1256 910 1289 animi
958 1267 1006 1290 ex
1062 1253 1362 1290 inrationalibus

126 1309 360 1348 5nectere?
416 1311 589 1357 Quidam
628 1317 765 1348 tamen
803 1315 939 1362 augeri
978 1326 1175 1349 summum
1213 1313 1362 1349 bonum

167 1370 360 1415 iudicant,
380 1373 472 1420 quia
501 1384 639 1420 parum
666 1371 831 1420 plenum
860 1374 911 1408 sit
939 1371 1114 1409 fortuitis
1138 1385 1364 1422 repugnan-

168 1429 284 1466 tibus.
344 1430 558 1479 Antipater
584 1444 741 1480 quoque
768 1433 874 1468 inter
900 1444 1064 1481 magnos
1091 1436 1223 1468 sectae
1248 1431 1364 1468 huius

168 1493 349 1525 auctores
396 1489 545 1539 aliquid
600 1503 641 1527 se
689 1491 865 1527 tribuere
913 1490 1011 1527 dicit
1059 1494 1246 1536 externis,
1294 1491 1364 1528 sed

169 1551 359 1597 exiguum
378 1548 604 1586 admodum.
664 1549 785 1586 Vides
805 1555 941 1586 autem
963 1549 1079 1600 quale
1101 1553 1151 1586 sit
1172 1549 1236 1587 die
1257 1563 1338 1586 non
1351 1549 1366 1573 3

170 1620 256 1644 esse
303 1612 553 1653 contentum,
598 1611 674 1644 nisi
720 1608 862 1658 aliquis
909 1609 1106 1659 igniculus
1153 1608 1363 1646 adluxerit.

171 1665 289 1712 Quod
319 1671 454 1716 potest
483 1670 523 1703 in
558 1667 630 1703 hac
670 1667 851 1704 claritate
890 1668 981 1704 solis
1011 1667 1158 1704 habere
1193 1668 1365 1704 scintilla

404 1736 414 1755 ¹
431 1736 616 1778 fortunam
638 1736 831 1768 Buecheler
845 1750 854 1773 ;
870 1737 1021 1779 fortuna
1042 1737 1115 1770 BA.

470 1778 483 1798 ‘²
506 1780 644 1811 honesta
662 1779 785 1812 Hense
802 1793 810 1817 3
836 1792 903 1812 non
919 1785 967 1812 est
985 1780 1059 1813 BA.

457 1822 469 1841 3
493 1822 546 1855 die
564 1834 631 1855 non
647 1822 816 1855 Erasmus
833 1837 842 1861 ;
867 1835 969 1855 zenon
990 1823 1063 1855 BA.

223 1888 238 1901 α
261 1881 403 1914 Certain
421 1883 463 1914 of
474 1882 536 1914 the
554 1883 766 1925 Peripatetic
783 1883 854 1915 and
871 1884 1064 1916 Academic
1081 1883 1211 1916 school.

224 1926 236 1944 b
261 1924 437 1967 Probably
451 1925 519 1957 due
531 1928 568 1958 to
581 1926 642 1958 the
655 1928 823 1958 criticism
835 1927 875 1958 of
887 1926 948 1958 the
962 1926 1076 1959 Stoics
1089 1927 1135 1968 by
1151 1926 1366 1962 Carneades,

171 1967 249 1999 who
281 1968 357 2000 said
386 1969 465 2000 that
497 1969 708 2011 everything
739 1970 853 2003 which
885 1971 914 2002 is
952 1970 1143 2012 according
1174 1972 1211 2002 to
1243 1972 1368 2001 nature

171 2010 298 2042 should
314 2011 358 2043 be
375 2012 513 2044 classed
529 2023 662 2054 among
677 2013 738 2044 the
755 2013 880 2055 goods.

176 2066 252 2098 448
