1434 2333
406 143 522 180 THE
553 141 808 180 EPISTLES
839 142 910 179 OF
939 142 1149 180 SENECA

115 236 163 273 32
249 237 275 254 “
288 230 579 275 Democritus,”
594 233 736 280 inquit,
750 234 774 251 “
787 232 986 267 invenisse
1002 230 1148 267 dicitur
1167 230 1371 276 fornicem,

182 292 227 323 ut
255 285 431 334 lapidum
461 289 668 321 curvatura
701 284 893 333 paulatim
926 284 1207 320 inclinatorum
1238 284 1371 321 medio

181 353 273 377 saxo
302 338 569 387 alligaretur.''
630 338 719 374 Hoc
749 337 877 374 dicam
907 337 1049 374 falsum
1070 350 1179 381 esse;
1208 351 1371 375 necesse

181 398 242 430 est
263 396 369 429 enim
389 397 483 429 ante
504 392 780 428 Democritum
800 397 843 428 et
862 397 1005 440 pontes
1025 397 1067 428 et
1087 396 1219 441 portas
1239 391 1373 437 fuisse,

114 453 162 488 33
182 460 347 496 quarum
366 446 450 482 fere
471 459 623 481 summa
652 450 874 481 curvantur.
934 445 1094 482 Excidit
1123 458 1237 495 porro
1264 446 1373 482 vobis

182 500 356 537 eundem
379 499 651 536 Democritum
682 502 893 544 invenisse,
914 499 1251 549 quemadmodum
1275 499 1373 536 ebur

182 554 415 598 molliretur,
466 553 803 602 quemadmodum
858 553 1047 589 decoctus
1103 552 1276 589 calculus
1332 556 1373 588 in

182 607 437 657 zmaragdum
461 611 772 651 converteretur,
793 620 870 656 qua
900 606 1098 657 hodieque
1126 612 1286 643 coctura
1314 609 1373 643 in-

183 664 293 698 venti
318 660 469 709 lapides
489 664 530 696 in
545 660 557 683 ¹
583 660 658 696 hoc
679 660 798 697 utiles
822 660 1056 697 colorantur.
1116 660 1198 697 Ista
1218 663 1375 710 sapiens

183 716 278 752 licet
299 717 509 759 invenerit,
529 727 608 749 non
636 727 712 763 qua
740 717 897 763 sapiens
922 720 1019 759 erat,
1039 717 1192 751 invenit
1211 727 1219 758 3
1248 714 1376 751 multa

184 772 289 805 enim
319 768 427 813 facit,
448 781 549 817 quae
579 768 628 803 ab
656 768 1017 817 inprudentissimis
1046 773 1115 804 aut
1143 781 1270 817 aeque
1291 768 1374 805 fieri

184 823 362 858 videmus
376 821 389 844 2
410 826 479 857 aut
499 824 664 870 peritius
685 827 806 871 atque
827 825 1092 858 exercitatius.

114 881 163 916 34
251 875 358 921 Quid
397 878 553 924 sapiens
583 878 895 924 investigaverit,
924 876 1021 925 quid
1059 879 1099 911 in
1132 875 1263 912 lucem
1291 888 1375 924 pro-

182 932 360 973 traxerit,
377 930 558 978 quaeris?
617 928 790 965 Primum
811 942 947 966 verum
967 934 1242 978 naturamque,
1256 942 1374 978 quam

184 997 263 1019 non
293 988 336 1019 ut
365 988 500 1019 cetera
528 982 713 1018 animalia
741 983 864 1019 oculis
893 988 1053 1020 secutus
1083 988 1145 1019 est
1173 982 1296 1019 tardis
1325 982 1374 1019 ad

183 1037 326 1073 divina.
390 1036 546 1073 Deinde
591 1039 696 1073 vitae
743 1036 889 1086 legem,
932 1050 1050 1086 quam
1097 1036 1147 1073 ad
1194 1039 1376 1073 universa

185 1091 353 1136 derexit,
375 1104 448 1127 nec
478 1103 593 1126 nosse
622 1095 781 1126 tantum
811 1090 880 1127 sed
908 1093 1018 1140 sequi
1048 1090 1143 1127 deos
1173 1090 1310 1127 docuit
1333 1095 1376 1127 et

184 1144 406 1181 accidentia
422 1157 502 1180 non
518 1144 634 1180 aliter
649 1147 831 1193 excipere
848 1157 966 1194 quam
982 1148 1185 1193 imperata.
1236 1144 1377 1181 Vetuit

186 1211 323 1247 parere
353 1198 605 1247 opinionibus
644 1197 750 1234 falsis
789 1203 831 1234 et
869 1201 1008 1247 quanti
1047 1198 1224 1248 quidque
1258 1202 1376 1243 esset,

186 1265 277 1288 vera
332 1254 609 1288 aestimatione
658 1251 882 1299 perpendit.
963 1251 1177 1288 Damnavit
1233 1254 1376 1288 mixtas

185 1308 432 1354 paenitentia
478 1305 703 1353 voluptates
751 1310 792 1341 et
839 1305 941 1341 bona
989 1318 1146 1354 semper
1183 1305 1376 1354 placitura

186 1359 361 1395 laudavit
382 1364 423 1395 et
444 1358 572 1407 palam
589 1357 685 1395 fecit
701 1357 970 1395 felicissimum
992 1371 1076 1395 esse
1099 1362 1161 1395 cui
1181 1358 1375 1396 felicitate

471 1453 481 1471 ¹
506 1453 541 1484 in
561 1452 678 1484 added
695 1453 742 1494 by
760 1452 1085 1494 Schweighaeuser.

442 1496 456 1515 ‘2
480 1497 629 1527 videmus
647 1496 814 1528 Erasmus
829 1509 838 1532 ;
863 1496 1009 1528 vidimus
1027 1496 1101 1529 BA.

240 1599 253 1611 ‘¹
278 1591 413 1624 Seneca
445 1592 518 1629 (see
546 1592 629 1622 next
653 1590 835 1629 sentence)
859 1592 888 1622 is
911 1590 1005 1631 right
1029 1592 1144 1632 again.
1193 1590 1268 1622 The
1293 1590 1376 1622 arch

187 1645 258 1666 was
284 1634 412 1666 known
445 1634 478 1664 in
511 1632 690 1665 Chaldaea
720 1633 790 1665 and
821 1635 856 1665 in
890 1633 1010 1675 Egypt
1041 1633 1161 1665 before
1192 1635 1277 1665 3000
1308 1644 1373 1666 13.c.

188 1677 307 1711 Greek
345 1677 436 1708 bee-
449 1676 528 1708 hive
566 1676 696 1712 tombs,
730 1676 905 1709 Etruscan
943 1679 1138 1718 gateways,
1171 1676 1243 1708 and
1279 1677 1374 1718 early

190 1721 327 1752 Roman
344 1721 508 1752 remains.
527 1719 648 1760 testify
667 1722 704 1751 to
721 1721 766 1751 its
779 1720 1010 1751 immemorial
1027 1730 1099 1752 use.

241 1766 253 1783 ‘³
276 1763 350 1795 The
375 1764 534 1794 ancients
561 1762 696 1804 judged
728 1764 888 1804 precious
913 1766 1032 1794 stones
1058 1763 1189 1804 merel)
1218 1762 1266 1804 b)
1290 1762 1381 1795 their

187 1807 328 1843 c;olour
352 1806 443 1838 their
464 1807 668 1847 snmraadns
691 1806 855 1838 included
878 1806 952 1837 also
977 1805 1286 1847 m11a‹h1tejade,
1308 1806 1379 1838 and

188 1849 321 1882 several
338 1848 443 1880 kinds
460 1848 500 1880 of
519 1851 650 1890 quaifftz
700 1849 882 1890 Exposure
899 1852 936 1880 to
958 1849 1040 1881 heat
1057 1849 1162 1881 alters
1185 1848 1245 1881 the
1262 1849 1381 1881 colour

188 1893 227 1925 of
262 1903 360 1924 some
392 1895 536 1927 stones;
574 1891 645 1923 and
676 1891 736 1923 the
774 1892 976 1924 alchemists
1009 1892 1168 1924 believed
1206 1892 1285 1924 that
1317 1892 1379 1924 the

191 1935 397 1977 ''angelical
421 1934 553 1966 stone''
576 1935 740 1975 changed
763 1946 925 1967 common
955 1935 1051 1967 flints
1080 1937 1154 1967 into
1178 1935 1377 1973 diamonds,

189 1980 318 2013 rubies,
337 1977 522 2011 emeralds.
542 1980 608 2010 etc.
659 1978 786 2011 SeeG.
808 1978 846 2010 F.
864 1978 977 2013 Kunz,
995 1979 1060 2010 The
1076 1978 1193 2021 *anic
1209 1979 1380 2020 ofJewels
1433 1987 1434 1991 ’

189 2022 260 2053 ancl
286 2021 440 2057 Chat-ms
466 2031 498 2062 p.
530 2024 577 2052 16.
628 2021 660 2052 It
692 2032 763 2053 was
795 2021 868 2053 also
900 2032 943 2053 an
976 2023 1118 2054 ancient
1149 2022 1376 2064 superstition

189 2064 265 2095 that
283 2063 455 2095 emeralds
472 2074 561 2095 were
578 2064 757 2105 produced
774 2064 890 2096 from
877 2075 1007 2106 jasper.

190 2119 266 2152 420
