<?xml version="1.0" encoding="UTF-8"?>
<!DOCTYPE html PUBLIC "-//W3C//DTD XHTML 1.0 Transitional//EN"
    "http://www.w3.org/TR/xhtml1/DTD/xhtml1-transitional.dtd">
<html xmlns="http://www.w3.org/1999/xhtml" xml:lang="en" lang="en">
 <head>
  <title>
</title>
<meta http-equiv="Content-Type" content="text/html;charset=utf-8" />
  <meta name='ocr-system' content='tesseract 3.04.00' />
  <meta name='ocr-capabilities' content='ocr_page ocr_carea ocr_par ocr_line ocrx_word'/>
</head>
<body>
  <div class='ocr_page' id='page_1' title='image "adlucilium02sene_0308.png"; bbox 0 0 1434 2333; ppageno 0'>
   <div class='ocr_carea' id='block_1_1' title="bbox 391 85 1136 123">
    <p class='ocr_par' dir='ltr' id='par_1_1' title="bbox 391 85 1136 123">
     <span class='ocr_line' id='line_1_1' title="bbox 391 85 1136 123; baseline 0.001 -1"><span class='ocrx_word' id='word_1_1' title='bbox 391 86 507 123; x_wconf 91' lang='lat' dir='ltr'>THE</span> <span class='ocrx_word' id='word_1_2' title='bbox 537 85 792 122; x_wconf 90' lang='lat' dir='ltr'>EPISTLES</span> <span class='ocrx_word' id='word_1_3' title='bbox 824 85 895 122; x_wconf 93' lang='lat' dir='ltr'>OF</span> <span class='ocrx_word' id='word_1_4' title='bbox 925 85 1136 123; x_wconf 90' lang='lat' dir='ltr'><strong>SENECA</strong></span> 
     </span>
    </p>
   </div>
   <div class='ocr_carea' id='block_1_2' title="bbox 102 173 1376 1983">
    <p class='ocr_par' dir='ltr' id='par_1_2' title="bbox 167 173 1356 293">
     <span class='ocr_line' id='line_1_2' title="bbox 167 173 1355 223; baseline -0.003 -13"><span class='ocrx_word' id='word_1_5' title='bbox 167 174 381 211; x_wconf 83' lang='lat' dir='ltr'>admodum</span> <span class='ocrx_word' id='word_1_6' title='bbox 402 173 484 210; x_wconf 89' lang='lat' dir='ltr'>fieri</span> <span class='ocrx_word' id='word_1_7' title='bbox 512 176 647 222; x_wconf 80' lang='lat' dir='ltr'>possit,</span> <span class='ocrx_word' id='word_1_8' title='bbox 668 186 748 210; x_wconf 90' lang='lat' dir='ltr'>non</span> <span class='ocrx_word' id='word_1_9' title='bbox 775 175 939 223; x_wconf 79' lang='lat' dir='ltr'><strong>reperio.</strong></span> <span class='ocrx_word' id='word_1_10' title='bbox 1000 173 1123 210; x_wconf 84' lang='lat' dir='ltr'>Beata</span> <span class='ocrx_word' id='word_1_11' title='bbox 1149 176 1256 209; x_wconf 87' lang='lat' dir='ltr'>enim</span> <span class='ocrx_word' id='word_1_12' title='bbox 1276 175 1355 208; x_wconf 86' lang='lat' dir='ltr'>vita</span> 
     </span>
     <span class='ocr_line' id='line_1_3' title="bbox 168 241 1356 293; baseline -0.001 -14"><span class='ocrx_word' id='word_1_13' title='bbox 168 245 315 280; x_wconf 90' lang='lat' dir='ltr'>bonum</span> <span class='ocrx_word' id='word_1_14' title='bbox 337 246 377 279; x_wconf 93' lang='lat' dir='ltr'>in</span> <span class='ocrx_word' id='word_1_15' title='bbox 399 256 439 280; x_wconf 85' lang='lat' dir='ltr'>se</span> <span class='ocrx_word' id='word_1_16' title='bbox 457 242 680 292; x_wconf 88' lang='lat' dir='ltr'>perfectum</span> <span class='ocrx_word' id='word_1_17' title='bbox 696 243 833 289; x_wconf 83' lang='lat' dir='ltr'>habet,</span> <span class='ocrx_word' id='word_1_18' title='bbox 849 243 1178 293; x_wconf 78' lang='lat' dir='ltr'>inexsuperabile.</span> <span class='ocrx_word' id='word_1_19' title='bbox 1238 241 1356 288; x_wconf 86' lang='lat' dir='ltr'>Quod</span> 
     </span>
    </p>

    <p class='ocr_par' dir='ltr' id='par_1_3' title="bbox 102 313 1376 1983">
     <span class='ocr_line' id='line_1_4' title="bbox 169 313 724 362; baseline 0.002 -13"><span class='ocrx_word' id='word_1_20' title='bbox 169 316 198 350; x_wconf 74' lang='lat' dir='ltr'>si</span> <span class='ocrx_word' id='word_1_21' title='bbox 220 318 294 359; x_wconf 81' lang='lat' dir='ltr'>est,</span> <span class='ocrx_word' id='word_1_22' title='bbox 316 313 494 362; x_wconf 79' lang='lat' dir='ltr'><strong>perfecte</strong></span> <span class='ocrx_word' id='word_1_23' title='bbox 516 314 633 350; x_wconf 85' lang='lat' dir='ltr'>beata</span> <span class='ocrx_word' id='word_1_24' title='bbox 653 319 724 351; x_wconf 84' lang='lat' dir='ltr'>est.</span> 
     </span>
     <span class='ocr_line' id='line_1_5' title="bbox 236 383 1360 429; baseline -0.002 -9"><span class='ocrx_word' id='word_1_25' title='bbox 236 383 277 420; x_wconf 87' lang='lat' dir='ltr'>Si</span> <span class='ocrx_word' id='word_1_26' title='bbox 298 384 462 420; x_wconf 88' lang='lat' dir='ltr'>deorum</span> <span class='ocrx_word' id='word_1_27' title='bbox 478 387 559 420; x_wconf 85' lang='lat' dir='ltr'>vita</span> <span class='ocrx_word' id='word_1_28' title='bbox 579 384 678 420; x_wconf 84' lang='lat' dir='ltr'>nihil</span> <span class='ocrx_word' id='word_1_29' title='bbox 694 384 817 421; x_wconf 84' lang='lat' dir='ltr'>habet</span> <span class='ocrx_word' id='word_1_30' title='bbox 838 388 962 421; x_wconf 85' lang='lat' dir='ltr'>maius</span> <span class='ocrx_word' id='word_1_31' title='bbox 983 390 1051 421; x_wconf 92' lang='lat' dir='ltr'>aut</span> <span class='ocrx_word' id='word_1_32' title='bbox 1071 384 1226 429; x_wconf 77' lang='lat' dir='ltr'>melius,</span> <span class='ocrx_word' id='word_1_33' title='bbox 1241 384 1360 420; x_wconf 81' lang='lat' dir='ltr'>beata</span> 
     </span>
     <span class='ocr_line' id='line_1_6' title="bbox 170 454 1360 504; baseline -0.001 -14"><span class='ocrx_word' id='word_1_34' title='bbox 170 460 306 491; x_wconf 82' lang='lat' dir='ltr'>autem</span> <span class='ocrx_word' id='word_1_35' title='bbox 326 457 407 490; x_wconf 83' lang='lat' dir='ltr'>vita</span> <span class='ocrx_word' id='word_1_36' title='bbox 433 454 566 490; x_wconf 80' lang='lat' dir='ltr'>divina</span> <span class='ocrx_word' id='word_1_37' title='bbox 593 460 678 499; x_wconf 91' lang='lat' dir='ltr'>est;</span> <span class='ocrx_word' id='word_1_38' title='bbox 707 455 808 491; x_wconf 85' lang='lat' dir='ltr'>nihil</span> <span class='ocrx_word' id='word_1_39' title='bbox 833 455 969 500; x_wconf 81' lang='lat' dir='ltr'>habet,</span> <span class='ocrx_word' id='word_1_40' title='bbox 990 458 1031 491; x_wconf 92' lang='lat' dir='ltr'>in</span> <span class='ocrx_word' id='word_1_41' title='bbox 1057 455 1164 504; x_wconf 92' lang='lat' dir='ltr'>quod</span> <span class='ocrx_word' id='word_1_42' title='bbox 1192 454 1360 503; x_wconf 90' lang='lat' dir='ltr'>amplius</span> 
     </span>
     <span class='ocr_line' id='line_1_7' title="bbox 102 525 1361 574; baseline 0 -13"><span class='ocrx_word' id='word_1_43' title='bbox 102 529 151 566; x_wconf 87' lang='lat'>20</span> <span class='ocrx_word' id='word_1_44' title='bbox 172 527 295 574; x_wconf 82' lang='lat' dir='ltr'>possit</span> <span class='ocrx_word' id='word_1_45' title='bbox 314 525 454 562; x_wconf 89' lang='lat' dir='ltr'>attolli.</span> <span class='ocrx_word' id='word_1_46' title='bbox 517 525 726 562; x_wconf 83' lang='lat' dir='ltr'>Praeterea</span> <span class='ocrx_word' id='word_1_47' title='bbox 747 529 778 562; x_wconf 89' lang='lat' dir='ltr'>si</span> <span class='ocrx_word' id='word_1_48' title='bbox 805 526 923 562; x_wconf 87' lang='lat' dir='ltr'>beata</span> <span class='ocrx_word' id='word_1_49' title='bbox 943 528 1023 562; x_wconf 83' lang='lat' dir='ltr'>vita</span> <span class='ocrx_word' id='word_1_50' title='bbox 1049 525 1196 562; x_wconf 89' lang='lat' dir='ltr'>nullius</span> <span class='ocrx_word' id='word_1_51' title='bbox 1222 531 1283 562; x_wconf 91' lang='lat' dir='ltr'>est</span> <span class='ocrx_word' id='word_1_52' title='bbox 1303 528 1361 561; x_wconf 90' lang='lat' dir='ltr'>in-</span> 
     </span>
     <span class='ocr_line' id='line_1_8' title="bbox 172 596 1363 645; baseline -0.001 -13"><span class='ocrx_word' id='word_1_53' title='bbox 172 596 327 645; x_wconf 82' lang='lat' dir='ltr'>digens,</span> <span class='ocrx_word' id='word_1_54' title='bbox 355 599 481 632; x_wconf 89' lang='grc'>01111115</span> <span class='ocrx_word' id='word_1_55' title='bbox 508 596 625 632; x_wconf 86' lang='lat' dir='ltr'>beata</span> <span class='ocrx_word' id='word_1_56' title='bbox 652 599 733 633; x_wconf 82' lang='lat' dir='ltr'>vita</span> <span class='ocrx_word' id='word_1_57' title='bbox 759 596 938 645; x_wconf 87' lang='lat' dir='ltr'>perfecta</span> <span class='ocrx_word' id='word_1_58' title='bbox 965 601 1026 633; x_wconf 83' lang='lat' dir='ltr'>est</span> <span class='ocrx_word' id='word_1_59' title='bbox 1053 596 1274 645; x_wconf 90' lang='lat' dir='ltr'>eademque</span> <span class='ocrx_word' id='word_1_60' title='bbox 1303 600 1363 632; x_wconf 92' lang='lat' dir='ltr'>est</span> 
     </span>
     <span class='ocr_line' id='line_1_9' title="bbox 174 664 1365 714; baseline 0 -14"><span class='ocrx_word' id='word_1_61' title='bbox 174 668 215 700; x_wconf 89' lang='lat' dir='ltr'>et</span> <span class='ocrx_word' id='word_1_62' title='bbox 236 664 353 700; x_wconf 84' lang='lat' dir='ltr'>beata</span> <span class='ocrx_word' id='word_1_63' title='bbox 374 669 415 700; x_wconf 88' lang='lat' dir='ltr'>et</span> <span class='ocrx_word' id='word_1_64' title='bbox 436 664 671 700; x_wconf 86' lang='lat' dir='ltr'>beatissima.</span> <span class='ocrx_word' id='word_1_65' title='bbox 724 664 928 714; x_wconf 82' lang='lat' dir='ltr'>Numquid</span> <span class='ocrx_word' id='word_1_66' title='bbox 949 664 1119 709; x_wconf 77' lang='lat' dir='ltr'>dubitas,</span> <span class='ocrx_word' id='word_1_67' title='bbox 1136 667 1232 714; x_wconf 91' lang='lat' dir='ltr'>quin</span> <span class='ocrx_word' id='word_1_68' title='bbox 1247 664 1365 700; x_wconf 89' lang='lat' dir='ltr'>beata</span> 
     </span>
     <span class='ocr_line' id='line_1_10' title="bbox 174 735 1364 785; baseline 0 -15"><span class='ocrx_word' id='word_1_69' title='bbox 174 738 254 771; x_wconf 87' lang='lat' dir='ltr'>vita</span> <span class='ocrx_word' id='word_1_70' title='bbox 275 748 472 771; x_wconf 84' lang='lat' dir='ltr'>summum</span> <span class='ocrx_word' id='word_1_71' title='bbox 493 735 641 771; x_wconf 90' lang='lat' dir='ltr'>bonum</span> <span class='ocrx_word' id='word_1_72' title='bbox 667 736 746 772; x_wconf 83' lang='lat' dir='ltr'>sit?</span> <span class='ocrx_word' id='word_1_73' title='bbox 803 735 908 785; x_wconf 85' lang='lat' dir='ltr'>Ergo</span> <span class='ocrx_word' id='word_1_74' title='bbox 935 738 966 772; x_wconf 89' lang='lat' dir='ltr'>si</span> <span class='ocrx_word' id='word_1_75' title='bbox 993 749 1187 772; x_wconf 87' lang='lat' dir='ltr'>summum</span> <span class='ocrx_word' id='word_1_76' title='bbox 1216 735 1364 771; x_wconf 89' lang='lat' dir='ltr'>bonum</span> 
     </span>
     <span class='ocr_line' id='line_1_11' title="bbox 175 805 1365 851; baseline 0.001 -10"><span class='ocrx_word' id='word_1_77' title='bbox 175 806 310 851; x_wconf 83' lang='lat' dir='ltr'>habet,</span> <span class='ocrx_word' id='word_1_78' title='bbox 338 818 490 842; x_wconf 91' lang='lat' dir='ltr'>summe</span> <span class='ocrx_word' id='word_1_79' title='bbox 518 806 635 842; x_wconf 89' lang='lat' dir='ltr'>beata</span> <span class='ocrx_word' id='word_1_80' title='bbox 661 811 732 842; x_wconf 86' lang='lat' dir='ltr'>est.</span> <span class='ocrx_word' id='word_1_81' title='bbox 793 805 1141 851; x_wconf 84' lang='lat' dir='ltr'>Quemadmodum</span> <span class='ocrx_word' id='word_1_82' title='bbox 1168 819 1365 842; x_wconf 89' lang='lat' dir='ltr'>summum</span> 
     </span>
     <span class='ocr_line' id='line_1_12' title="bbox 176 875 1367 926; baseline 0.001 -15"><span class='ocrx_word' id='word_1_83' title='bbox 176 876 324 912; x_wconf 90' lang='lat' dir='ltr'>bonum</span> <span class='ocrx_word' id='word_1_84' title='bbox 362 875 628 912; x_wconf 81' lang='lat' dir='ltr'>adiectionem</span> <span class='ocrx_word' id='word_1_85' title='bbox 666 889 746 912; x_wconf 91' lang='lat' dir='ltr'>non</span> <span class='ocrx_word' id='word_1_86' title='bbox 785 879 925 925; x_wconf 80' lang='lat' dir='ltr'>recipit</span> <span class='ocrx_word' id='word_1_87' title='bbox 963 875 1077 926; x_wconf 85' lang='lat' dir='ltr'>(quid</span> <span class='ocrx_word' id='word_1_88' title='bbox 1116 879 1222 913; x_wconf 90' lang='lat' dir='ltr'>enim</span> <span class='ocrx_word' id='word_1_89' title='bbox 1252 888 1367 925; x_wconf 87' lang='lat' dir='ltr'>supra</span> 
     </span>
     <span class='ocr_line' id='line_1_13' title="bbox 177 946 1366 997; baseline 0 -15"><span class='ocrx_word' id='word_1_90' title='bbox 177 959 374 982; x_wconf 85' lang='lat' dir='ltr'>summum</span> <span class='ocrx_word' id='word_1_91' title='bbox 402 949 476 983; x_wconf 87' lang='lat' dir='ltr'>erit</span> <span class='ocrx_word' id='word_1_92' title='bbox 491 946 538 997; x_wconf 83' lang='lat'>?),</span> <span class='ocrx_word' id='word_1_93' title='bbox 559 949 614 982; x_wconf 88' lang='lat' dir='ltr'>ita</span> <span class='ocrx_word' id='word_1_94' title='bbox 641 959 691 983; x_wconf 89' lang='lat' dir='ltr'>ne</span> <span class='ocrx_word' id='word_1_95' title='bbox 720 947 836 983; x_wconf 83' lang='lat' dir='ltr'>beata</span> <span class='ocrx_word' id='word_1_96' title='bbox 860 946 1022 996; x_wconf 90' lang='lat' dir='ltr'>quidem</span> <span class='ocrx_word' id='word_1_97' title='bbox 1046 950 1139 992; x_wconf 84' lang='lat' dir='ltr'>vita,</span> <span class='ocrx_word' id='word_1_98' title='bbox 1161 959 1261 997; x_wconf 88' lang='lat' dir='ltr'>quae</span> <span class='ocrx_word' id='word_1_99' title='bbox 1282 949 1366 983; x_wconf 89' lang='lat' dir='ltr'>sine</span> 
     </span>
     <span class='ocr_line' id='line_1_14' title="bbox 177 1016 1366 1066; baseline -0.001 -13"><span class='ocrx_word' id='word_1_100' title='bbox 177 1030 330 1053; x_wconf 88' lang='lat' dir='ltr'>summo</span> <span class='ocrx_word' id='word_1_101' title='bbox 349 1017 454 1053; x_wconf 90' lang='lat' dir='ltr'>bono</span> <span class='ocrx_word' id='word_1_102' title='bbox 475 1030 554 1053; x_wconf 91' lang='lat' dir='ltr'>non</span> <span class='ocrx_word' id='word_1_103' title='bbox 575 1022 646 1053; x_wconf 81' lang='lat' dir='ltr'>est.</span> <span class='ocrx_word' id='word_1_104' title='bbox 696 1016 814 1062; x_wconf 81' lang='lat' dir='ltr'>Quod</span> <span class='ocrx_word' id='word_1_105' title='bbox 831 1019 861 1053; x_wconf 86' lang='lat' dir='ltr'>si</span> <span class='ocrx_word' id='word_1_106' title='bbox 877 1017 1049 1066; x_wconf 87' lang='lat' dir='ltr'>aliquem</span> <span class='ocrx_word' id='word_1_107' title='bbox 1065 1019 1190 1066; x_wconf 87' lang='lat' dir='ltr'>magis</span> <span class='ocrx_word' id='word_1_108' title='bbox 1206 1017 1366 1053; x_wconf 90' lang='lat' dir='ltr'>beatum</span> 
     </span>
     <span class='ocr_line' id='line_1_15' title="bbox 178 1087 1369 1137; baseline 0 -14"><span class='ocrx_word' id='word_1_109' title='bbox 178 1087 393 1132; x_wconf 80' lang='lat' dir='ltr'>induxeris,</span> <span class='ocrx_word' id='word_1_110' title='bbox 409 1087 574 1124; x_wconf 81' lang='lat' dir='ltr'>induces</span> <span class='ocrx_word' id='word_1_111' title='bbox 591 1093 631 1124; x_wconf 90' lang='lat' dir='ltr'>et</span> <span class='ocrx_word' id='word_1_112' title='bbox 648 1087 774 1123; x_wconf 87' lang='lat' dir='ltr'>multo</span> <span class='ocrx_word' id='word_1_113' title='bbox 790 1090 915 1137; x_wconf 84' lang='lat' dir='ltr'>magis</span> <span class='ocrx_word' id='word_1_114' title='bbox 931 1100 938 1131; x_wconf 88' lang='grc'>;</span> <span class='ocrx_word' id='word_1_115' title='bbox 968 1087 1272 1124; x_wconf 82' lang='lat' dir='ltr'>innumerabilia</span> <span class='ocrx_word' id='word_1_116' title='bbox 1292 1087 1369 1123; x_wconf 92' lang='lat' dir='ltr'>dis-</span> 
     </span>
     <span class='ocr_line' id='line_1_16' title="bbox 180 1157 1370 1202; baseline 0.001 -9"><span class='ocrx_word' id='word_1_117' title='bbox 180 1161 342 1194; x_wconf 85' lang='lat' dir='ltr'>crimina</span> <span class='ocrx_word' id='word_1_118' title='bbox 369 1160 510 1194; x_wconf 87' lang='lat' dir='ltr'>summi</span> <span class='ocrx_word' id='word_1_119' title='bbox 538 1158 630 1194; x_wconf 89' lang='lat' dir='ltr'>boni</span> <span class='ocrx_word' id='word_1_120' title='bbox 651 1157 784 1202; x_wconf 87' lang='lat' dir='ltr'>facies,</span> <span class='ocrx_word' id='word_1_121' title='bbox 806 1171 895 1194; x_wconf 85' lang='lat' dir='ltr'>cum</span> <span class='ocrx_word' id='word_1_122' title='bbox 922 1171 1120 1194; x_wconf 87' lang='lat' dir='ltr'>summum</span> <span class='ocrx_word' id='word_1_123' title='bbox 1143 1158 1291 1194; x_wconf 91' lang='lat' dir='ltr'>bonum</span> <span class='ocrx_word' id='word_1_124' title='bbox 1312 1160 1370 1193; x_wconf 88' lang='lat' dir='ltr'>in—</span> 
     </span>
     <span class='ocr_line' id='line_1_17' title="bbox 111 1228 1371 1277; baseline 0 -12"><span class='ocrx_word' id='word_1_125' title='bbox 111 1234 156 1271; x_wconf 79' lang='grc'>21</span> <span class='ocrx_word' id='word_1_126' title='bbox 180 1228 384 1277; x_wconf 83' lang='lat' dir='ltr'>tellegam,</span> <span class='ocrx_word' id='word_1_127' title='bbox 405 1228 511 1277; x_wconf 89' lang='lat' dir='ltr'>quod</span> <span class='ocrx_word' id='word_1_128' title='bbox 538 1242 655 1277; x_wconf 87' lang='lat' dir='ltr'>supra</span> <span class='ocrx_word' id='word_1_129' title='bbox 681 1242 722 1265; x_wconf 91' lang='lat' dir='ltr'>se</span> <span class='ocrx_word' id='word_1_130' title='bbox 750 1228 915 1277; x_wconf 82' lang='lat' dir='ltr'>gradum</span> <span class='ocrx_word' id='word_1_131' title='bbox 943 1241 1022 1264; x_wconf 89' lang='grc'>11011</span> <span class='ocrx_word' id='word_1_132' title='bbox 1048 1228 1182 1266; x_wconf 89' lang='lat' dir='ltr'>habet.</span> <span class='ocrx_word' id='word_1_133' title='bbox 1242 1228 1282 1265; x_wconf 91' lang='lat' dir='ltr'>Si</span> <span class='ocrx_word' id='word_1_134' title='bbox 1310 1234 1371 1265; x_wconf 82' lang='lat' dir='ltr'>est</span> 
     </span>
     <span class='ocr_line' id='line_1_18' title="bbox 180 1299 1372 1348; baseline -0.001 -13"><span class='ocrx_word' id='word_1_135' title='bbox 180 1299 321 1348; x_wconf 89' lang='lat' dir='ltr'>aliquis</span> <span class='ocrx_word' id='word_1_136' title='bbox 358 1302 489 1335; x_wconf 82' lang='lat' dir='ltr'>minus</span> <span class='ocrx_word' id='word_1_137' title='bbox 527 1299 667 1335; x_wconf 83' lang='lat' dir='ltr'>beatus</span> <span class='ocrx_word' id='word_1_138' title='bbox 706 1312 824 1348; x_wconf 87' lang='lat' dir='ltr'>quam</span> <span class='ocrx_word' id='word_1_139' title='bbox 863 1299 974 1344; x_wconf 78' lang='lat' dir='ltr'>alius,</span> <span class='ocrx_word' id='word_1_140' title='bbox 1004 1302 1195 1348; x_wconf 83' lang='lat' dir='ltr'>sequitur,</span> <span class='ocrx_word' id='word_1_141' title='bbox 1227 1304 1270 1335; x_wconf 86' lang='lat' dir='ltr'>ut</span> <span class='ocrx_word' id='word_1_142' title='bbox 1308 1299 1372 1335; x_wconf 91' lang='lat' dir='ltr'>hic</span> 
     </span>
     <span class='ocr_line' id='line_1_19' title="bbox 180 1369 1371 1419; baseline 0 -14"><span class='ocrx_word' id='word_1_143' title='bbox 180 1369 343 1405; x_wconf 86' lang='lat' dir='ltr'>alterius</span> <span class='ocrx_word' id='word_1_144' title='bbox 386 1371 507 1405; x_wconf 87' lang='lat' dir='ltr'>vitam</span> <span class='ocrx_word' id='word_1_145' title='bbox 553 1369 739 1405; x_wconf 80' lang='lat' dir='ltr'>beatioris</span> <span class='ocrx_word' id='word_1_146' title='bbox 783 1372 908 1419; x_wconf 87' lang='lat' dir='ltr'>magis</span> <span class='ocrx_word' id='word_1_147' title='bbox 954 1372 1209 1418; x_wconf 87' lang='lat' dir='ltr'>concupiscat</span> <span class='ocrx_word' id='word_1_148' title='bbox 1253 1382 1371 1419; x_wconf 88' lang='lat' dir='ltr'>quam</span> 
     </span>
     <span class='ocr_line' id='line_1_20' title="bbox 183 1438 1372 1489; baseline 0.002 -15"><span class='ocrx_word' id='word_1_149' title='bbox 183 1452 303 1475; x_wconf 80' lang='lat' dir='ltr'>suam.</span> <span class='ocrx_word' id='word_1_150' title='bbox 365 1438 510 1475; x_wconf 83' lang='lat' dir='ltr'>Beatus</span> <span class='ocrx_word' id='word_1_151' title='bbox 548 1444 683 1476; x_wconf 86' lang='lat' dir='ltr'>autem</span> <span class='ocrx_word' id='word_1_152' title='bbox 713 1439 811 1475; x_wconf 89' lang='lat' dir='ltr'>nihil</span> <span class='ocrx_word' id='word_1_153' title='bbox 842 1453 934 1477; x_wconf 86' lang='lat' dir='ltr'>suae</span> <span class='ocrx_word' id='word_1_154' title='bbox 964 1439 1148 1489; x_wconf 85' lang='lat' dir='ltr'>praefert.</span> <span class='ocrx_word' id='word_1_155' title='bbox 1210 1439 1372 1476; x_wconf 88' lang='lat' dir='ltr'>Utrum-</span> 
     </span>
     <span class='ocr_line' id='line_1_21' title="bbox 183 1509 1373 1560; baseline 0.001 -14"><span class='ocrx_word' id='word_1_156' title='bbox 183 1510 283 1546; x_wconf 89' lang='lat' dir='ltr'>libet</span> <span class='ocrx_word' id='word_1_157' title='bbox 304 1523 352 1546; x_wconf 82' lang='lat' dir='ltr'>ex</span> <span class='ocrx_word' id='word_1_158' title='bbox 371 1509 432 1546; x_wconf 90' lang='lat' dir='ltr'>his</span> <span class='ocrx_word' id='word_1_159' title='bbox 452 1509 685 1546; x_wconf 81' lang='lat' dir='ltr'>incredibile</span> <span class='ocrx_word' id='word_1_160' title='bbox 706 1515 789 1547; x_wconf 89' lang='lat' dir='ltr'>est:</span> <span class='ocrx_word' id='word_1_161' title='bbox 819 1515 888 1546; x_wconf 87' lang='lat' dir='ltr'>aut</span> <span class='ocrx_word' id='word_1_162' title='bbox 903 1510 1053 1560; x_wconf 90' lang='lat' dir='ltr'>aliquid</span> <span class='ocrx_word' id='word_1_163' title='bbox 1073 1511 1191 1547; x_wconf 91' lang='lat' dir='ltr'>beato</span> <span class='ocrx_word' id='word_1_164' title='bbox 1211 1515 1373 1556; x_wconf 79' lang='lat' dir='ltr'>restare,</span> 
     </span>
     <span class='ocr_line' id='line_1_22' title="bbox 184 1580 1373 1630; baseline 0.002 -15"><span class='ocrx_word' id='word_1_165' title='bbox 184 1580 290 1629; x_wconf 89' lang='lat' dir='ltr'>quod</span> <span class='ocrx_word' id='word_1_166' title='bbox 330 1592 414 1616; x_wconf 84' lang='lat' dir='ltr'>esse</span> <span class='ocrx_word' id='word_1_167' title='bbox 454 1593 570 1629; x_wconf 89' lang='lat' dir='ltr'>quam</span> <span class='ocrx_word' id='word_1_168' title='bbox 607 1580 712 1630; x_wconf 91' lang='lat' dir='ltr'>quod</span> <span class='ocrx_word' id='word_1_169' title='bbox 742 1585 803 1617; x_wconf 85' lang='lat' dir='ltr'>est</span> <span class='ocrx_word' id='word_1_170' title='bbox 830 1580 956 1625; x_wconf 90' lang='lat' dir='ltr'>malit,</span> <span class='ocrx_word' id='word_1_171' title='bbox 986 1586 1054 1617; x_wconf 86' lang='lat' dir='ltr'>aut</span> <span class='ocrx_word' id='word_1_172' title='bbox 1084 1581 1123 1617; x_wconf 94' lang='lat' dir='ltr'>id</span> <span class='ocrx_word' id='word_1_173' title='bbox 1153 1581 1264 1617; x_wconf 87' lang='lat' dir='ltr'>illum</span> <span class='ocrx_word' id='word_1_174' title='bbox 1295 1594 1373 1617; x_wconf 87' lang='lat' dir='ltr'>non</span> 
     </span>
     <span class='ocr_line' id='line_1_23' title="bbox 185 1651 1374 1701; baseline 0.001 -15"><span class='ocrx_word' id='word_1_175' title='bbox 185 1651 317 1696; x_wconf 81' lang='lat' dir='ltr'>malle,</span> <span class='ocrx_word' id='word_1_176' title='bbox 356 1651 462 1700; x_wconf 90' lang='lat' dir='ltr'>quod</span> <span class='ocrx_word' id='word_1_177' title='bbox 501 1651 568 1687; x_wconf 92' lang='lat' dir='ltr'>illo</span> <span class='ocrx_word' id='word_1_178' title='bbox 583 1652 594 1674; x_wconf 85' lang='lat'>1</span> <span class='ocrx_word' id='word_1_179' title='bbox 634 1651 775 1687; x_wconf 90' lang='lat' dir='ltr'>melius</span> <span class='ocrx_word' id='word_1_180' title='bbox 815 1656 885 1688; x_wconf 89' lang='lat' dir='ltr'>est.</span> <span class='ocrx_word' id='word_1_181' title='bbox 962 1651 1112 1700; x_wconf 85' lang='lat' dir='ltr'>Utique</span> <span class='ocrx_word' id='word_1_182' title='bbox 1151 1654 1257 1687; x_wconf 89' lang='lat' dir='ltr'>enim</span> <span class='ocrx_word' id='word_1_183' title='bbox 1297 1665 1374 1701; x_wconf 91' lang='lat' dir='ltr'>quo</span> 
     </span>
     <span class='ocr_line' id='line_1_24' title="bbox 186 1721 1375 1771; baseline 0.001 -14"><span class='ocrx_word' id='word_1_184' title='bbox 186 1721 419 1770; x_wconf 85' lang='lat' dir='ltr'>prudentior</span> <span class='ocrx_word' id='word_1_185' title='bbox 434 1726 507 1766; x_wconf 86' lang='lat' dir='ltr'>est,</span> <span class='ocrx_word' id='word_1_186' title='bbox 523 1721 598 1757; x_wconf 93' lang='lat' dir='ltr'>hoc</span> <span class='ocrx_word' id='word_1_187' title='bbox 618 1724 742 1770; x_wconf 86' lang='lat' dir='ltr'>magis</span> <span class='ocrx_word' id='word_1_188' title='bbox 763 1734 804 1758; x_wconf 92' lang='lat' dir='ltr'>se</span> <span class='ocrx_word' id='word_1_189' title='bbox 824 1721 875 1758; x_wconf 85' lang='lat' dir='ltr'>ad</span> <span class='ocrx_word' id='word_1_190' title='bbox 895 1721 948 1765; x_wconf 87' lang='lat' dir='ltr'>id,</span> <span class='ocrx_word' id='word_1_191' title='bbox 964 1722 1070 1770; x_wconf 92' lang='lat' dir='ltr'>quod</span> <span class='ocrx_word' id='word_1_192' title='bbox 1087 1727 1147 1758; x_wconf 91' lang='lat' dir='ltr'>est</span> <span class='ocrx_word' id='word_1_193' title='bbox 1167 1725 1375 1771; x_wconf 80' lang='lat' dir='ltr'>optimum,</span> 
     </span>
     <span class='ocr_line' id='line_1_25' title="bbox 187 1791 1376 1841; baseline 0.001 -14"><span class='ocrx_word' id='word_1_194' title='bbox 187 1792 382 1828; x_wconf 79' lang='lat' dir='ltr'>extendet</span> <span class='ocrx_word' id='word_1_195' title='bbox 398 1797 439 1828; x_wconf 89' lang='lat' dir='ltr'>et</span> <span class='ocrx_word' id='word_1_196' title='bbox 454 1791 495 1828; x_wconf 93' lang='lat' dir='ltr'>id</span> <span class='ocrx_word' id='word_1_197' title='bbox 511 1794 618 1828; x_wconf 89' lang='lat' dir='ltr'>omni</span> <span class='ocrx_word' id='word_1_198' title='bbox 633 1791 751 1828; x_wconf 87' lang='lat' dir='ltr'>modo</span> <span class='ocrx_word' id='word_1_199' title='bbox 767 1794 954 1841; x_wconf 89' lang='lat' dir='ltr'>consequi</span> <span class='ocrx_word' id='word_1_200' title='bbox 971 1795 1115 1841; x_wconf 89' lang='lat' dir='ltr'>cupiet.</span> <span class='ocrx_word' id='word_1_201' title='bbox 1166 1791 1376 1838; x_wconf 82' lang='lat' dir='ltr'>Quomodo</span> 
     </span>
     <span class='ocr_line' id='line_1_26' title="bbox 188 1863 1376 1912; baseline 0 -13"><span class='ocrx_word' id='word_1_202' title='bbox 188 1868 323 1899; x_wconf 79' lang='lat' dir='ltr'>autem</span> <span class='ocrx_word' id='word_1_203' title='bbox 343 1863 484 1899; x_wconf 88' lang='lat' dir='ltr'>beatus</span> <span class='ocrx_word' id='word_1_204' title='bbox 506 1867 579 1907; x_wconf 80' lang='lat' dir='ltr'>est,</span> <span class='ocrx_word' id='word_1_205' title='bbox 595 1865 662 1912; x_wconf 91' lang='lat' dir='ltr'>qui</span> <span class='ocrx_word' id='word_1_206' title='bbox 683 1875 828 1911; x_wconf 90' lang='lat' dir='ltr'>cupere</span> <span class='ocrx_word' id='word_1_207' title='bbox 844 1865 1073 1899; x_wconf 84' lang='lat' dir='ltr'>etiamnunc</span> <span class='ocrx_word' id='word_1_208' title='bbox 1094 1868 1240 1912; x_wconf 83' lang='lat' dir='ltr'>potest,</span> <span class='ocrx_word' id='word_1_209' title='bbox 1256 1866 1376 1899; x_wconf 90' lang='lat' dir='ltr'>immo</span> 
     </span>
     <span class='ocr_line' id='line_1_27' title="bbox 119 1933 1376 1983; baseline -0.002 -10"><span class='ocrx_word' id='word_1_210' title='bbox 119 1936 167 1973; x_wconf 87' lang='lat'>22</span> <span class='ocrx_word' id='word_1_211' title='bbox 188 1936 256 1983; x_wconf 91' lang='lat' dir='ltr'>qui</span> <span class='ocrx_word' id='word_1_212' title='bbox 277 1933 429 1971; x_wconf 88' lang='lat' dir='ltr'>debet?</span> <span class='ocrx_word' id='word_1_213' title='bbox 477 1933 630 1979; x_wconf 74' lang='lat' dir='ltr'>Dicam,</span> <span class='ocrx_word' id='word_1_214' title='bbox 647 1934 741 1983; x_wconf 90' lang='lat' dir='ltr'>quid</span> <span class='ocrx_word' id='word_1_215' title='bbox 763 1937 826 1979; x_wconf 85' lang='lat' dir='ltr'>sit,</span> <span class='ocrx_word' id='word_1_216' title='bbox 843 1947 890 1970; x_wconf 86' lang='lat' dir='ltr'>ex</span> <span class='ocrx_word' id='word_1_217' title='bbox 912 1947 989 1983; x_wconf 93' lang='lat' dir='ltr'>quo</span> <span class='ocrx_word' id='word_1_218' title='bbox 1010 1937 1142 1970; x_wconf 81' lang='lat' dir='ltr'>veniat</span> <span class='ocrx_word' id='word_1_219' title='bbox 1162 1934 1226 1970; x_wconf 87' lang='grc'>1116</span> <span class='ocrx_word' id='word_1_220' title='bbox 1247 1947 1376 1971; x_wconf 85' lang='lat' dir='ltr'>error:</span> 
     </span>
    </p>
   </div>
   <div class='ocr_carea' id='block_1_3' title="bbox 192 2006 1056 2100">
    <p class='ocr_par' dir='ltr' id='par_1_4' title="bbox 192 2006 1056 2100">
     <span class='ocr_line' id='line_1_28' title="bbox 512 2006 1056 2043; baseline 0 -4"><span class='ocrx_word' id='word_1_221' title='bbox 512 2007 521 2026; x_wconf 86' lang='lat'>¹</span> <span class='ocrx_word' id='word_1_222' title='bbox 549 2008 606 2039; x_wconf 69' lang='lat' dir='ltr'>illu</span> <span class='ocrx_word' id='word_1_223' title='bbox 623 2007 711 2039; x_wconf 82' lang='lat' dir='ltr'>later</span> <span class='ocrx_word' id='word_1_224' title='bbox 728 2006 830 2039; x_wconf 92' lang='lat' dir='ltr'><strong>MSS.</strong></span> <span class='ocrx_word' id='word_1_225' title='bbox 849 2020 857 2043; x_wconf 83' lang='lat'>;</span> <span class='ocrx_word' id='word_1_226' title='bbox 882 2007 940 2038; x_wconf 82' lang='lat' dir='ltr'>illa</span> <span class='ocrx_word' id='word_1_227' title='bbox 959 2007 1056 2039; x_wconf 72' lang='lat' dir='ltr'>VPb.</span> 
     </span>
     <span class='ocr_line' id='line_1_29' title="bbox 192 2057 268 2100; baseline 0.013 -6"><span class='ocrx_word' id='word_1_228' title='bbox 192 2057 268 2100; x_wconf 75' lang='lat'>296</span> 
     </span>
    </p>
   </div>
  </div>
 </body>
</html>
