1434 2333
392 121 507 173 THE
537 118 792 156 EPISTLES
822 117 894 154 OF
914 116 1134 154 'SENECA

167 208 343 243 habitare
381 220 455 243 nec
494 210 617 255 ipsam
651 220 725 243 nec
758 218 828 254 pro
856 209 940 255 ipsa
974 208 1208 248 timentem3
1246 216 1352 240 nunc

166 279 308 315 magna
329 279 416 315 pars
436 269 558 301 nostri
580 270 711 302 metus
732 270 840 302 tecta
860 269 963 301 sunt.

96 327 146 362 44
232 324 311 360 Sed
345 328 521 374 quamvis
556 327 716 373 egregia
749 324 826 360 illis
861 327 940 360 vita
978 322 1098 359 fuerit
1137 327 1179 359 et
1217 335 1353 359 carens

165 383 316 428 fraude,
337 396 415 419 non
437 383 547 420 fuere
569 387 782 433 sapientes,
803 383 961 432 quando
982 382 1056 418 hoc
1076 384 1153 417 iam
1173 384 1214 417 in
1234 394 1354 430 opere

165 445 335 478 maximo
368 455 514 479 nomen
549 448 621 480 est.
681 442 771 478 Non
806 447 941 478 tamen
975 444 1203 490 negaverim
1232 440 1353 477 fuisse

164 501 235 537 alti
269 504 428 550 spiritus
462 504 562 537 viros
598 507 651 547 et,
682 506 726 537 ut
760 504 815 537 ita
845 501 987 545 dicam,
1015 514 1037 536 a
1066 500 1125 536 dis
1159 504 1352 536 recentes.

167 560 308 609 Neque
333 563 440 597 enim
464 560 629 597 dubium
657 565 730 605 est,
751 563 847 609 quin
870 560 1032 596 meliora
1060 558 1231 595 mundus
1257 571 1355 594 non-

165 619 261 655 dum
281 619 422 655 effetus
449 619 631 656 ediderit.
690 618 1040 665 Quemadmodum
1067 623 1202 654 autem
1229 620 1355 653 omni-

166 678 238 714 bus
258 678 412 714 indoles
433 678 571 715 fortior
591 678 667 714 fuit
687 683 729 714 et
749 678 799 714 ad
823 678 976 714 labores
997 679 1181 727 paratior,
1201 680 1256 712 ita
1275 690 1355 712 non

165 743 279 773 erant
299 740 461 785 ingenia
487 738 669 774 omnibus
696 742 978 773 consummata.
1039 736 1129 771 Non
1155 739 1261 772 enim
1285 735 1354 772 dat

96 798 144 834 45
165 801 305 832 natura
336 799 549 839 virtutem;
587 809 648 832 ars
678 802 738 832 est
768 797 914 832 bonum
945 795 1038 832 fieri.
1100 795 1162 830 Illi
1192 794 1353 843 quidem

164 868 245 890 non
265 868 402 891 aurum
424 868 498 891 nec
518 860 728 904 argentum
749 868 823 891 nec
843 854 1066 904 perlucidos
1086 853 1238 903 lapides
1252 853 1264 876 1
1286 856 1326 889 in
1340 853 1354 876 2

164 916 242 949 ima
269 919 461 950 terrarum
488 913 598 950 faece
628 914 873 963 quaerebant
903 913 1199 962 parcebantque
1223 912 1353 948 adhuc

165 975 285 1009 etiam
312 973 459 1009 mutis3
487 973 746 1016 animalibus3
788 978 947 1009 tantum
977 972 1114 1008 aberat
1137 972 1209 1007 ut4
1235 971 1353 1007 homo

164 1031 366 1068 hominem
386 1045 466 1067 non
487 1035 623 1077 iratus,
644 1045 723 1068 non
744 1035 904 1076 timens,
924 1036 1082 1067 tantum
1104 1035 1353 1080 spectaturus

163 1090 373 1128 occideret.
434 1091 621 1127 Nondum
653 1093 772 1127 vestis
810 1090 886 1126 illis
913 1095 998 1127 erat
1028 1092 1147 1139 picta,
1176 1089 1353 1126 nondum

164 1150 375 1186 texebatur
395 1163 545 1195 aurum,
566 1149 695 1186 adhuc
715 1162 790 1186 nec
812 1149 1034 1186 cruebatur.

96 1218 142 1255 46
232 1208 339 1254 Quid
377 1222 471 1258 ergo
506 1209 622 1245 est5?
700 1208 927 1257 Ignorantia
960 1221 1091 1244 rerum
1120 1210 1354 1244 innocentes

164 1273 287 1304 erant.
349 1267 521 1304 Multum
537 1272 672 1303 autem
688 1270 869 1311 interest,
886 1271 1019 1303 utrum
1035 1279 1199 1315 peccare
1214 1266 1354 1315 aliquis

163 1326 264 1362 nolit
298 1326 376 1362 an6
405 1329 565 1363 nesciat.
627 1325 777 1362 Deerat
806 1325 882 1361 illis
911 1328 1076 1370 iustitia,
1096 1325 1233 1362 deerat
1263 1338 1354 1374 pru-

164 1385 313 1429 dentia,
343 1385 482 1421 deerat
514 1387 781 1433 temperantia
813 1397 858 1420 ac
893 1383 1096 1420 fortitudo.
1157 1383 1353 1420 Omnibus

164 1443 224 1479 his
258 1444 470 1480 virtutibus
504 1443 677 1479 habebat
714 1443 855 1479 similia
888 1443 1083 1492 quaedam
1112 1443 1219 1479 rudis
1249 1445 1353 1486 vita3

163 1505 286 1539 virtus
306 1516 387 1539 non
408 1505 606 1551 contingit
627 1505 758 1538 animo
783 1504 857 1537 nisi
878 1504 1063 1538 instituto
1085 1507 1127 1538 et
1147 1502 1289 1538 edocto
1311 1507 1352 1538 et

163 1561 212 1597 ad
247 1574 443 1598 summum
477 1561 641 1597 adsidua
680 1563 965 1597 exercitatione
1004 1560 1208 1610 perducto.
1286 1561 1351 1597 Ad

163 1620 237 1656 hoc
270 1621 446 1670 quidem,
480 1620 550 1657 sed
585 1622 668 1656 sine
703 1619 777 1655 hoc
811 1622 1008 1656 nascimur
1042 1625 1084 1656 et
1117 1623 1158 1656 in
1192 1622 1351 1670 optimis

386 1699 395 1717 ¹
421 1699 551 1740 Iapides
567 1698 655 1730 later
672 1697 775 1731 MSS.
795 1708 803 1735 ;
827 1697 976 1729 omitted
993 1698 1040 1740 by
1059 1697 1133 1729 BA.

451 1742 464 1760 ²
487 1742 521 1773 in
540 1741 656 1773 added
673 1741 721 1782 by
737 1740 1061 1782 Schweighaeuser.

441 1785 453 1804 ³
477 1785 580 1817 mutis
596 1784 685 1816 later
702 1783 804 1816 MSS.
821 1794 830 1821 ;
853 1784 970 1816 multis
987 1783 1061 1816 BA.

430 1828 442 1847 ⁴
467 1832 502 1859 ut
518 1827 607 1859 later
624 1826 726 1860 MSS.
743 1838 751 1865 ;
775 1826 926 1859 omitted
943 1826 989 1868 by
1009 1826 1083 1858 BA.

548 1871 560 1889 ⁵
583 1875 629 1903 est
644 1870 762 1902 added
778 1870 827 1911 by
844 1869 872 1902 F
874 1871 962 1911 eige.

503 1914 516 1933 ⁶
539 1925 585 1945 an
601 1913 689 1946 later
706 1912 808 1946 MSS.
826 1924 834 1951 3
858 1917 918 1945 aut
937 1912 1010 1945 BA.

213 1991 228 2005 a
254 1985 412 2017 Because
440 1986 553 2017 virtue
583 1984 742 2026 depends
772 1994 866 2026 upon
894 1994 1032 2020 reason,
1064 1983 1135 2015 and
1166 1968 1352 2016 none—but

162 2027 349 2070 voluntary
367 2030 442 2060 acts
462 2027 588 2060 should
605 2031 698 2060 meet
715 2027 799 2059 with
816 2028 930 2069 praise
946 2037 985 2058 or
1001 2026 1127 2059 blame.

163 2084 240 2116 428
