1434 2333
303 407 371 457 L.
413 406 724 457 ANNAEI
768 405 1136 457 SENECAE
1178 406 1286 456 AD

348 491 763 543 LUCILIUM
804 491 1255 543 EPISTULAE

730 659 870 695 LXVI.

483 772 635 808 SENECA
666 772 823 808 LVCILlo
852 785 918 808 svo
947 785 1117 809 SALVTEM

163 863 179 899 1
271 866 491 911 Claranum,
512 866 825 915 condiscipulum
852 879 998 911 meum,
1022 867 1101 902 vidi
1127 872 1216 916 post
1243 868 1388 904 multos

202 933 336 956 annos.
397 920 499 964 Non,
520 925 631 968 puto,
652 925 869 968 exspectas,
890 925 935 956 ut
961 920 1127 956 adiciam
1147 934 1296 966 senem,
1318 922 1387 958 sed

201 973 449 1010 mehercules
474 973 638 1009 viridem
664 976 794 1009 animo
820 986 865 1009 ac
892 976 1095 1021 vigentem
1122 979 1164 1010 et
1191 988 1279 1010 cum
1305 988 1387 1011 cor-

202 1026 364 1075 pusculo
396 1040 465 1062 suo
494 1026 800 1063 conluctantem.
861 1026 1001 1075 Inique
1032 1030 1137 1063 enim
1171 1040 1212 1064 se
1246 1033 1387 1065 natura

201 1083 323 1128 gessit
343 1085 384 1116 et
405 1080 525 1116 talem
545 1083 720 1115 animuin
740 1079 841 1116 male
863 1080 1105 1123 conlocavit3
1134 1086 1202 1118 aut
1222 1081 1386 1118 fortasse

201 1133 326 1169 voluit
359 1133 433 1169 hoc
466 1136 594 1182 ipsum
628 1133 741 1169 nobis
775 1133 1000 1178 ostendere,
1034 1147 1147 1182 posse
1180 1137 1385 1184 ingenium

201 1186 455 1223 fortissimum
476 1200 520 1222 ac
547 1187 817 1222 beatissimum
838 1187 909 1223 sub
933 1187 1110 1236 qualibet
1137 1193 1228 1225 cute
1248 1188 1383 1225 latere.

201 1240 334 1276 Vincit
361 1245 496 1276 tamen
525 1243 655 1275 omnia
684 1239 957 1288 inpedimenta
983 1246 1025 1277 et
1053 1241 1103 1277 ad
1132 1246 1265 1278 cetera
1294 1255 1386 1278 con-

161 1294 180 1328 2
201 1293 418 1330 temnenda
437 1307 459 1329 a
480 1298 713 1342 contemptu
740 1296 798 1329 sui
819 1296 936 1331 venit.
997 1294 1135 1331 Errare
1162 1295 1259 1331 mihi
1283 1298 1385 1332 visus

202 1352 275 1392 est,
296 1350 361 1396 qui
383 1347 484 1383 dixit

367 1447 499 1488 gratior
515 1448 550 1478 et
566 1445 712 1487 pulchro
729 1447 872 1479 veniens
890 1447 929 1478 e1
947 1457 1091 1489 corpore
1107 1449 1226 1481 virtus.

201 1540 291 1576 Non
312 1542 419 1576 enim
438 1539 519 1575 ullo
542 1539 848 1575 honestamento
869 1545 986 1588 eget3
1014 1543 1098 1590 ipsa
1117 1555 1303 1592 magnum
1326 1547 1383 1580 sui

199 1594 320 1630 decus
350 1598 410 1630 est
440 1598 481 1629 et
510 1606 649 1641 corpus
675 1606 788 1628 suum
817 1599 1029 1631 consecrat.
1089 1595 1246 1632 Aliter2
1275 1603 1384 1634 certe

200 1647 409 1683 Claranum
455 1651 632 1683 nostrum
679 1649 791 1695 coepi
837 1649 1007 1691 intueri3
1054 1647 1244 1686 formosus
1286 1650 1383 1687 mihi

198 1701 356 1737 videtur
394 1705 435 1736 et
481 1705 563 1736 tam
609 1704 740 1735 rectus
778 1712 938 1748 corpore
986 1714 1103 1750 quam
1141 1708 1202 1739 est
1238 1706 1379 1740 animo.

158 1753 179 1788 3
201 1754 337 1790 Potest
358 1766 406 1790 ex
427 1766 514 1789 casa
533 1756 591 1789 vir
609 1766 775 1802 magnus
796 1755 915 1798 exire,
932 1759 1064 1802 potest
1085 1760 1126 1791 et
1146 1768 1194 1791 ex
1215 1756 1382 1794 deformi

198 1807 417 1856 humilique
451 1806 681 1855 corpusculo
715 1806 905 1843 formosus
939 1810 1090 1844 animus
1124 1822 1169 1845 ac
1202 1823 1380 1859 magnus.

199 1859 399 1906 Quosdam
434 1863 568 1910 itaque
601 1859 697 1895 mihi
731 1859 889 1896 videtur
921 1863 961 1896 in
997 1860 1070 1897 hoc
1109 1862 1208 1899 tales
1241 1868 1381 1900 natura

520 1953 530 1972 1
554 1952 628 1984 The
645 1952 767 1992 Vergil
783 1952 885 1986 MSS.
904 1955 984 1995 give
1000 1955 1047 1988 in.

355 1995 369 2014 2
392 2000 562 2028 consecrat
577 1996 680 2028 aliter
696 1995 817 2028 Haase
833 2009 842 2035 ;
866 1998 1100 2030 consecraliter
1116 1998 1218 2033 MSS.
