1434 2333
370 113 484 149 THE
516 110 769 148 EPISTLES
800 109 871 146 OF
899 109 1110 146 SENECA

145 201 424 239 sordidioribus
454 202 642 236 ministris
672 198 823 236 dedit.’'
883 198 1009 234 Immo
1039 210 1118 233 non
1147 197 1231 233 aliis
1263 209 1328 233 ex-

144 258 317 304 cogitata
350 256 425 290 ista
458 257 551 289 sunt
581 265 699 302 quam
729 252 872 302 quibus
901 251 1100 301 hodieque
1129 255 1327 287 curantur.

144 307 350 353 Quaedam
377 311 511 343 nostra
533 306 696 342 demum
723 305 926 355 prodisse1
957 307 1145 342 memoria
1173 307 1329 349 scimus,

145 367 188 398 ut
232 360 539 410 speculariorum
586 372 700 396 usum
748 359 981 409 perlucente
1029 363 1134 395 testa
1180 358 1328 394 clarum

143 417 500 451 transmittentium
538 414 688 458 lumen,
722 418 766 449 ut
805 425 1059 462 suspensuras
1096 411 1328 448 balneorum

143 474 184 505 et
210 472 405 517 inpressos
429 467 646 516 parietibus
672 467 801 512 tubos,
823 480 893 515 per
915 479 1012 516 quos
1039 465 1328 502 circumfunde-

142 527 251 559 retur
266 521 383 567 calor,
396 524 463 571 qui
483 524 561 557 ima
574 521 689 557 simul
704 534 749 557 ac
765 534 917 557 summa
930 520 1083 557 foveret
1097 518 1327 569 aequaliter.

143 575 251 621 Quid
279 575 416 624 loquar
444 587 649 619 marmora,
670 575 812 624 quibus
839 574 1003 623 templa,
1024 574 1165 623 quibus
1189 573 1329 609 domus

142 629 331 678 fulgent?
387 628 495 674 Quid
516 628 690 677 lapideas
716 628 840 664 moles
868 631 908 664 in
934 627 1149 664 rotundum
1176 640 1220 663 ac
1240 626 1329 663 leve

142 682 341 727 formatas,
362 682 504 731 quibus
524 684 697 730 porticus
719 686 761 718 et
785 685 941 730 capacia
965 681 1200 730 populorum
1220 685 1330 716 tecta

142 736 402 785 suscipimus?
460 735 567 781 Quid
596 736 804 772 verborum
834 740 961 780 notas,
981 735 1123 784 quibus
1151 736 1329 784 quamvis

142 793 263 826 citata
287 791 482 838 excipitur
505 791 629 825 oratio
659 793 701 825 et
730 789 977 825 celeritatem
1008 789 1167 837 linguae
1190 800 1330 823 manus

141 843 347 892 sequitur?
404 842 690 879 Vilissimorum
705 845 990 891 mancipiorum
1010 845 1085 878 ista
1104 845 1330 878 commenta

74 896 121 932 26
141 902 257 940 sunt;
297 899 491 945 sapientia
516 896 634 932 altius
661 896 776 933 sedet
798 909 872 932 nec
901 908 1040 932 manus
1070 895 1226 939 edocet,
1247 897 1329 931 ani-

142 963 294 986 morum
313 953 500 999 magistra
522 955 594 987 est.

207 1004 276 1041 Vis
306 1007 417 1049 scire,
447 1003 541 1053 quid
571 1003 639 1039 illa
668 1006 828 1048 eruerit,
856 1003 952 1053 quid
976 1002 1181 1039 effecerit?
1240 1002 1329 1038 Non

141 1057 330 1095 decoros2
364 1060 534 1106 corporis
568 1062 699 1094 motus
738 1070 812 1094 nec
851 1060 975 1093 varios
1009 1069 1080 1105 per
1112 1056 1251 1093 tubam
1284 1069 1328 1092 ac

141 1112 278 1147 tibiam
300 1117 452 1155 cantus,
473 1111 614 1160 quibus
642 1116 834 1160 exceptus
861 1113 1021 1160 spiritus
1050 1115 1119 1146 aut
1147 1113 1188 1146 in
1217 1112 1327 1146 exitu

140 1170 209 1201 aut
235 1167 275 1200 in
301 1168 471 1201 transitu
501 1164 692 1201 formatur
720 1167 761 1200 in
791 1178 938 1201 vocem.
999 1164 1090 1200 Non
1118 1176 1226 1200 arma
1254 1176 1328 1200 nec

140 1231 270 1254 muros
295 1231 368 1254 nec
396 1218 528 1254 bello3
552 1217 664 1254 utilia
687 1218 861 1262 molitur,
882 1221 968 1266 paci
998 1217 1106 1254 favet
1134 1223 1176 1254 et
1202 1230 1329 1267 genus

73 1276 119 1312 27
140 1271 357 1308 humanum
387 1271 437 1307 ad
469 1271 716 1307 concordiam
747 1276 870 1307 vocat.
930 1271 1022 1307 Non
1051 1276 1125 1315 est,
1154 1273 1328 1320 inquam,

139 1328 493 1361 instrumentorum
526 1325 576 1361 ad
614 1338 706 1361 usus
739 1327 979 1361 necessarios
1017 1323 1160 1373 opifex.
1220 1323 1329 1369 Quid

139 1378 197 1414 illi
231 1383 312 1414 tam
351 1378 509 1427 parvola
546 1377 761 1427 adsignas?
817 1377 1023 1414 Artificem
1061 1377 1171 1414 vides
1210 1380 1325 1414 vitae.

140 1431 248 1468 Alias
281 1432 442 1481 quidem
475 1437 579 1468 artes
619 1432 690 1468 sub
724 1432 898 1468 dominio
936 1431 1069 1469 habet.
1130 1431 1231 1467 Nam
1266 1434 1327 1467 cui

362 1533 372 1553 1
394 1534 549 1576 prodisse
565 1534 654 1566 later
672 1532 774 1566 MSS.
792 1546 800 1572 ;
820 1534 1014 1576 prodidisse
1032 1533 1106 1566 BA.

374 1576 387 1596 2
410 1578 547 1610 decoros
562 1577 651 1609 later
668 1576 771 1609 MSS.
789 1590 797 1613 ;
824 1576 1095 1618 dedecoros-BA.

476 1620 488 1639 3
512 1620 593 1653 bello
611 1619 779 1662 Madvig;
804 1620 889 1652 bella
906 1619 982 1653 ΒΑ.

190 1772 203 1784 ’“
230 1764 376 1797 Besides
408 1765 497 1807 Iapis
530 1765 718 1806 specularis
752 1764 1042 1807 (window—glass)
1073 1764 1134 1796 the
1168 1763 1326 1796 Romans

138 1807 225 1839 used
242 1807 429 1844 alabaster,
449 1809 551 1844 mica,
569 1808 640 1840 and
657 1808 763 1840 shells
779 1808 834 1840 for
850 1808 920 1840 this
937 1818 1099 1849 purpose.

190 1851 202 1870 ὁ
225 1850 415 1883 Suetonius
431 1850 510 1882 tells
528 1861 568 1882 us
584 1851 663 1883 that
683 1863 704 1883 a
727 1852 860 1883 certain
884 1850 1032 1886 Ennius.
1051 1861 1072 1882 a
1089 1851 1326 1892 grammarian

138 1893 177 1924 of
196 1893 257 1925 the
280 1893 469 1935 Augustan
501 1904 579 1935 age,
605 1905 677 1926 was
708 1894 769 1926 the
792 1893 869 1926 first
899 1896 936 1925 to
960 1893 1108 1935 develop
1131 1893 1327 1925 shorthand

138 1946 182 1967 on
206 1947 227 1967 a
249 1936 419 1969 scientific
436 1936 543 1973 basis,
561 1936 631 1968 and
654 1937 733 1969 that
756 1937 848 1974 Tiro,
868 1936 1018 1970 Cicero’s
1043 1936 1238 1971 freedman.
1256 1936 1327 1968 had

137 1979 304 2011 invented
334 1979 394 2011 the
424 1989 576 2021 process.
626 1979 685 2012 He
714 1980 789 2013 also
820 1981 996 2012 mentions
1031 1979 1165 2012 Seneca
1195 1989 1234 2011 as
1265 1979 1327 2012 the

137 2025 231 2054 most
247 2022 417 2055 scientific
433 2022 504 2054 and
521 2023 793 2066 encyclopaedic
809 2023 989 2065 authority
1006 2033 1050 2055 on
1068 2022 1129 2054 the
1146 2022 1294 2065 subject.

137 2077 214 2109 414
