1434 2333
385 117 500 154 THE
530 115 784 154 EPISTLES
814 116 886 153 OF
914 115 1125 153 SENECA

163 205 287 243 Velox
303 209 388 248 est3
415 210 457 241 et
473 207 575 254 equi.
626 204 718 240 Non
730 204 832 249 dico,
845 207 886 240 in
900 203 960 240 his
973 204 1155 241 omnibus
1167 207 1348 241 vincitur.

163 271 253 307 Non
282 282 441 320 quaero,
461 269 557 319 quid
586 271 627 305 in
657 282 697 306 se
726 271 942 305 maximum
972 268 1132 314 habeat,
1158 268 1226 305 sed
1254 268 1350 319 quid

162 349 286 372 suum.
346 334 495 384 Corpus
515 334 662 378 habet3
692 339 734 370 et
760 334 928 370 arbores.
989 333 1128 370 Habet
1154 336 1351 382 impetum

161 413 206 436 ac
222 405 375 437 motum
391 399 657 436 voluntarium
672 412 681 443 ;
711 404 753 436 et
773 400 925 436 bestiae
942 403 983 435 et
998 411 1161 436 vermes.
1213 398 1354 435 Habet

162 478 299 502 vocem
322 477 330 509 ;
389 464 459 501 sed
506 469 655 514 quanto
702 464 907 501 clariorem
958 477 1089 510 canes,
1135 467 1352 500 acutiorem

161 530 331 580 aquilae,
369 533 590 580 graviorem
626 532 742 574 tauri,
777 529 994 565 dulciorem
1027 528 1354 577 mobilioremque

93 601 142 638 10
162 593 348 630 luscinii?
400 592 508 638 Quid
529 595 570 628 in
594 592 755 629 homine
776 592 1006 641 proprium?
1061 591 1185 628 Ratio.
1240 591 1354 627 Haec

163 664 272 695 recta
302 663 344 695 et
373 663 646 694 consummata
674 657 912 694 felicitatem
941 656 1113 692 hominis
1142 655 1352 705 implevit.1

165 723 270 772 Ergo
292 726 322 759 si
343 726 470 759 omnis
490 736 565 766 res,
587 736 677 758 cum
703 723 853 758 bonum
879 734 993 758 suum
1019 721 1201 770 perfecit,
1221 720 1357 757 lauda-

165 788 254 824 bilis
282 794 342 825 est
372 794 413 825 et
442 788 493 824 ad
521 787 640 824 finem
670 792 835 824 naturae
865 799 957 823 suae
987 789 1182 835 pervenit,
1207 786 1358 823 homini

164 859 300 890 autem
339 866 453 890 suum
498 853 646 889 bonum
690 855 791 888 ratio
829 857 916 895 est3
963 855 994 888 si
1035 851 1137 888 hanc
1175 851 1357 900 perfecit,

166 918 373 955 laudabilis
404 923 465 955 est
494 923 536 955 et
564 917 683 954 finem
713 922 878 953 naturae
908 929 1000 953 suae
1035 919 1184 966 tetigit.
1245 916 1358 953 Haec

165 987 265 1020 ratio
304 983 483 1033 perfecta
521 986 645 1019 virtus
684 987 845 1018 vocatur
886 981 1106 1031 eademque
1146 981 1358 1018 honestum

167 1058 238 1090 est.

98 1119 142 1155 11
236 1117 283 1154 Id
304 1120 437 1165 itaque
460 1126 583 1150 unum
604 1113 751 1149 bonum
773 1116 833 1148 est
853 1114 895 1147 in
914 1111 1088 1157 homine,
1109 1112 1215 1161 quod
1236 1125 1359 1148 unum

167 1183 338 1219 hominis
373 1185 443 1217 est.
505 1179 621 1214 Nunc
655 1181 762 1214 enim
796 1190 875 1212 non
909 1180 1147 1226 quaerimus,
1179 1177 1275 1227 quid
1309 1180 1359 1214 sit

167 1250 330 1292 bonum,
346 1245 415 1282 sed
437 1243 531 1294 quid
553 1246 603 1279 sit
624 1242 794 1278 hominis
810 1242 968 1278 bonum.
1020 1242 1060 1279 Si
1080 1242 1235 1278 nullum
1252 1243 1360 1279 aliud

169 1318 230 1351 est
250 1312 421 1349 hominis
441 1322 559 1359 quam
581 1310 693 1353 ratio,
714 1307 812 1343 haec
841 1310 917 1343 erit
943 1320 1066 1343 unum
1088 1310 1171 1344 eius
1198 1308 1359 1354 bonum,

170 1379 240 1416 sed
266 1375 514 1427 pensandum
543 1387 632 1410 cum
659 1373 852 1409 omnibus.
911 1371 952 1408 Si
979 1375 1029 1408 sit
1055 1373 1194 1422 aliquis
1221 1372 1360 1418 malus,

170 1449 268 1494 puto
298 1440 609 1491 improbabitur3
653 1441 684 1474 si
718 1438 857 1482 bonus,
886 1442 984 1486 puto
1014 1437 1253 1486 probabitur.
1314 1437 1360 1474 Id

171 1522 265 1558 ergo
286 1511 326 1544 in
342 1507 503 1543 homine
520 1507 689 1553 primum
706 1502 912 1551 solumque
930 1507 1002 1547 est,
1019 1516 1096 1552 quo
1113 1507 1153 1539 et
1174 1502 1364 1552 probatur

99 1575 150 1611 12
170 1580 211 1612 et
250 1573 491 1622 inprobatur.
562 1569 652 1604 Non
689 1567 860 1613 dubitas,
898 1581 948 1603 an
987 1567 1061 1604 hoc
1100 1571 1151 1604 sit
1189 1568 1361 1612 bonum;

170 1640 329 1677 dubitas
362 1651 412 1674 an
446 1635 573 1673 solum
607 1635 755 1670 bonum
794 1636 854 1669 sit.
928 1631 968 1668 Si
1002 1635 1088 1682 quis
1122 1635 1254 1668 onmia
1287 1633 1362 1669 alia

170 1705 330 1749 habeat,
386 1700 672 1744 valetudinem,
728 1698 899 1743 divitias,
955 1700 1148 1747 imagines
1203 1697 1361 1744 multas,

169 1772 357 1821 frequens
377 1770 534 1811 atrium,
551 1764 621 1802 sed
640 1763 766 1799 malus
788 1776 836 1799 ex
857 1762 1036 1799 confesso
1057 1766 1119 1808 sit,
1135 1762 1362 1812 inprobabis

224 1857 234 1875 ¹
259 1856 334 1888 The
353 1854 467 1886 words
489 1853 572 1895 quid
594 1852 629 1883 in
651 1851 784 1883 homine
809 1875 816 1883 .
845 1875 852 1882 .
880 1875 887 1882 .
915 1849 1067 1891 'implevit
1090 1859 1150 1880 are
1173 1848 1363 1891 suspected

170 1902 218 1943 by
237 1897 454 1941 Hilgenfeld.

223 2008 237 2021 ⁰
263 1998 432 2040 Literally
452 2002 474 2015 ‘⁶
486 2006 595 2038 many
612 1993 733 2026 masks
747 1993 765 2005 '⁹
777 1992 818 2024 of
830 1992 884 2025 his
901 1995 1093 2025 ancestors.
1142 1992 1257 2025 These
1273 2003 1364 2024 were

170 2043 295 2086 placed
310 2045 346 2075 in
362 2042 424 2074 the
441 2041 584 2073 atrium.

176 2101 248 2134 152
