1434 2333
403 107 519 143 THE
548 104 804 144 EPISTLES
834 104 906 141 OF
934 103 1144 141 SENECA

115 195 161 232 36
183 210 278 246 ergo
305 209 384 232 non
414 200 508 232 sunt
536 194 677 231 bona.”
737 193 903 238 “Hac,”
934 195 1076 244 inquit,
1104 196 1293 230 “ratione
1321 205 1371 229 ne

184 257 388 295 commoda
409 256 571 306 quidem
591 259 667 292 ista
684 254 838 292 erunt.’'
890 255 981 291 Alia
996 260 1057 292 est
1078 255 1374 292 commodorum

184 319 376 364 condicio,
405 318 481 355 alia
511 319 726 360 bonorum;
768 316 1019 353 commodum
1048 322 1122 363 est,
1151 317 1257 367 quod
1287 317 1376 366 plus

185 395 277 419 usus
305 381 430 417 habet
456 393 576 430 quam
602 379 823 416 molestiae.
883 379 1038 416 Bonum
1066 383 1262 417 sincerum
1289 392 1374 416 esse
1433 383 1434 387 ’

186 444 310 481 debet
331 448 373 480 et
388 443 437 479 ab
453 445 561 479 omni
577 447 691 491 parte
707 444 923 478 innoxium.
974 442 1065 478 Non
1081 447 1141 479 est
1157 442 1198 479 id
1213 442 1376 487 bonum,

117 516 164 553 37
187 505 293 556 quod
313 505 401 555 plus
422 504 599 554 prodest,
620 503 689 540 sed
710 503 817 553 quod
842 508 1002 540 tantum
1028 504 1202 553 prodest.
1263 503 1378 540 Prae-

187 574 298 605 terea
318 566 570 604 commodum
591 571 633 603 et
652 565 703 602 ad
723 565 908 602 animalia
923 569 1101 615 pertinet
1122 572 1164 603 et
1178 566 1228 603 ad
1248 570 1378 616 inper—

187 630 314 668 fectos
333 629 515 665 homines
543 633 585 664 et
611 627 661 664 ad
688 627 841 664 stultos.
901 627 1043 678 Itaque
1070 634 1213 678 potest*
1232 632 1268 665 ei
1295 641 1380 666 esse

189 690 485 729 incommodum
529 693 712 734 mixtum,
760 689 829 726 sed
874 690 1126 727 commodum
1171 690 1316 728 dicitur
1359 704 1382 726 a

190 756 337 790 maiore
382 755 442 789 sui
486 756 599 801 parte
643 754 922 795 aestimatum3
971 752 1118 789 bonum
1163 753 1213 790 ad
1258 766 1381 789 unum

190 819 414 866 sapientem
434 817 635 863 pertinet3
665 813 897 850 inviolatum
920 827 1004 851 esse
1025 820 1196 864 oportet.

122 883 171 920 38
261 878 417 914 Bonum
433 879 608 912 animum
625 875 772 912 habere
789 889 797 919 3
827 889 928 912 unus
945 877 1017 912 tibi
1033 877 1174 923 nodus,
1190 877 1261 914 sed
1279 877 1382 914 Her-

194 940 382 978 culaneus
421 942 568 975 restat:
618 942 703 974 “ex
742 937 855 974 malis
893 938 1042 974 bonum
1081 952 1161 976 non
1198 939 1253 976 fit.
1324 940 1383 976 Ex

195 1003 331 1039 multis
369 1000 672 1051 paupertatibus
711 1000 873 1037 divitiae
913 1000 1037 1044 fiunt3
1085 1014 1179 1052 ergo
1221 1001 1384 1039 divitiae

196 1066 344 1102 bonum
365 1077 445 1100 non
467 1062 598 1100 sunt.'’
659 1063 778 1098 Hanc
794 1065 1149 1112 interrogationem
1165 1067 1288 1101 nostri
1305 1078 1385 1101 non

196 1131 432 1177 agnoscunt,
462 1125 719 1174 Peripatetici
750 1130 791 1162 et
818 1125 976 1175 fingunt
1005 1126 1113 1163 illam
1144 1132 1185 1164 et
1215 1127 1385 1164 solvunt.

200 1192 269 1227 Ait
288 1195 424 1226 autem
454 1187 685 1224 Posidonius
712 1187 786 1223 hoc
813 1187 1025 1237 sophisma,
1046 1202 1117 1238 per
1142 1202 1279 1227 omnes
1306 1190 1387 1227 dia-

199 1253 431 1289 lecticorum
453 1249 604 1287 scholas
625 1252 829 1295 iactatum,
850 1253 904 1286 sic
931 1251 980 1286 ab
1002 1251 1215 1300 Antipatro
1234 1252 1364 1289 refelli
1381 1267 1388 1288 ε

129 1316 178 1352 39
199 1318 450 1364 “paupertas
489 1325 569 1348 non
608 1324 679 1360 per
717 1315 1005 1361 possessionem
1034 1312 1191 1359 dicitur,
1221 1314 1291 1351 sed
1320 1328 1391 1364 per

201 1377 492 1413 detractionem
527 1374 602 1418 vel,
632 1379 677 1410 ut
706 1376 860 1423 antiqui
899 1374 1099 1421 dixerunt,
1128 1376 1387 1413 orbationem.

202 1438 344 1475 Graeci
363 1436 458 1473 κατὰ
473 1434 659 1484 στέρησιν
674 1435 823 1473 dicunt.
876 1436 966 1472 Non
987 1437 1092 1486 quod
1115 1437 1261 1475 habeat
1280 1438 1391 1484 dicit,

200 1501 271 1538 sed
309 1499 414 1549 quod
453 1512 533 1534 non
563 1497 738 1535 habeat.1
797 1498 938 1548 Itaque
968 1512 1017 1535 ex
1045 1499 1181 1537 multis
1210 1502 1392 1538 inanibus

203 1563 301 1599 nihil
326 1561 467 1611 inpleri
495 1565 653 1609 potest;
683 1559 839 1597 divitias
865 1561 1017 1598 multae
1045 1575 1105 1599 res
1127 1562 1291 1609 faciunt,
1312 1577 1392 1600 non

231 1659 240 1678 ¹
268 1657 391 1689 Hense
407 1655 537 1688 doubts
551 1655 611 1686 the
624 1656 861 1697 genuineness
874 1655 915 1687 of
928 1667 994 1688 vnon
1012 1658 1102 1698 quod
1125 1682 1132 1689 .
1162 1682 1169 1690 .
1199 1684 1205 1691 .
1233 1658 1362 1692 habeat.

257 1759 271 1772 ‘1
295 1751 370 1783 The
389 1756 412 1768 ‘⁶
425 1749 514 1782 knot
527 1748 567 1781 of
581 1748 754 1781 Hercules
767 1748 786 1761 ”
802 1750 830 1781 is
843 1750 1042 1782 associated
1053 1750 1137 1783 with
1155 1751 1215 1784 the
1232 1753 1396 1786 caduceus

204 1796 368 1837 (twining
388 1794 564 1835 serpents)
582 1794 617 1824 in
638 1791 796 1824 Macrob.
825 1792 896 1825 Sat.
920 1794 940 1825 i.
966 1796 1014 1825 19.
1039 1797 1099 1830 162
1125 1795 1197 1827 and
1218 1796 1253 1828 in
1278 1795 1393 1839 Pliny,

206 1839 252 1871 N.
263 1838 441 1912 [Ldmwiii.
462 1838 515 1873 63,
533 1837 561 1867 it
574 1835 637 1867 has
654 1836 770 1876 magic
790 1838 984 1877 properties
1002 1838 1036 1869 in
1053 1837 1115 1869 the
1132 1837 1280 1881 binding
1295 1851 1343 1882 up
1359 1841 1400 1873 of

206 1892 308 1914 woun
337 1891 363 1913 S.

260 1926 272 1945 ὓ
297 1924 400 1965 Frag.
421 1925 462 1954 54
478 1932 545 1954 von
564 1921 699 1953 Arnim.

260 1973 272 1987 0
295 1968 366 1999 Per
386 1965 628 2009 possessionem
646 1964 836 1997 translates
858 1965 919 1997 the
939 1965 1060 1998 Greek
1087 1969 1159 2000 καθ’
1181 1972 1255 2010 ἕξιν,
1278 1981 1316 2003 as
1333 1982 1399 2013 pest·

209 2011 416 2043 orbationem
433 2010 486 2051 (or
502 2008 758 2049 detractionem)
775 2008 964 2041 translates
983 2013 1063 2041 κατὰ
1081 2014 1240 2053 στέρησιν.

212 2067 288 2099 344
