1434 2333
407 105 522 142 THE
552 104 806 142 EPISTLES
837 104 908 141 OF
937 103 1147 141 SENECA

180 192 277 229 haec
298 195 445 241 optavi,
462 195 546 229 sine
566 193 708 241 quibus
729 191 930 228 interdum
951 190 1119 228 honesta
1134 203 1213 226 non
1235 193 1368 238 potest

180 259 276 283 esse.

138 313 161 348 8
651 314 683 347 Ο
700 317 823 356 terque
840 316 1034 356 quaterque
1050 313 1158 349 beati,

309 357 397 398 Quis
414 360 498 390 ante
513 368 574 390 ora
590 360 731 399 patrum
748 357 872 389 Troiae
889 357 954 389 sub
970 357 1155 389 moenibus
1172 355 1251 387 altis

309 400 468 443 Contigit
484 403 652 443 oppetere
667 403 673 432 1

180 462 289 508 Quid
322 464 505 508 interest,
538 466 652 511 optes
691 461 765 497 hoc
798 461 914 497 alicui
952 474 1003 496 an
1036 460 1211 510 optabile
1250 458 1370 495 fuisse

139 517 161 553 9
180 515 341 552 fatearis
356 517 369 551 ?
419 516 567 552 Decius
584 529 624 552 se
642 528 711 564 pro
727 528 768 551 re
785 514 942 564 publica
958 514 1135 558 devovit;
1162 517 1202 549 in
1218 512 1371 549 medios

181 569 316 606 hostes
343 573 543 606 concitato
570 582 672 619 equo
699 574 869 605 mortem
894 573 1037 617 petens
1063 570 1195 603 inruit.
1255 566 1372 602 Alter

181 628 271 672 post
316 623 436 668 hunc,
484 628 674 672 paternae
722 625 880 658 virtutis
927 621 1118 666 aemulus,
1166 622 1371 668 conceptis

181 677 438 713 sollemnibus
480 690 524 713 ac
569 680 645 712 iam
691 675 947 712 familiaribus
988 675 1117 711 verbis
1162 677 1201 710 in
1246 677 1371 710 aciem

181 730 498 767 confertissiman
527 732 754 774 incucurrit,
784 729 834 766 de
869 729 943 765 hoc
977 729 1167 765 sollicitus
1200 732 1372 771 tantum,

179 789 226 820 ut
258 784 405 829 litaret,
439 784 657 833 optabilem
691 796 774 819 rem
807 783 977 832 putansl
1011 783 1156 818 bonam
1189 786 1369 817 mortem.

182 837 353 874 Dubitas
380 851 488 887 ergo,
508 851 558 873 an
582 840 778 886 optimum
805 839 857 873 sit
882 835 1179 873 memorabilem
1206 837 1304 871 mori
1330 839 1373 870 et

114 893 222 929 lOin
260 891 392 940 aliquo
436 904 556 940 opere
594 892 778 927 virtutis?
855 890 951 926 Cum
995 889 1135 938 aliquis
1174 893 1374 925 tormenta

182 944 341 981 fortiter
364 948 526 994 patitur,
547 945 729 980 omnibus
755 944 969 980 virtutibus
996 946 1131 979 utitur.
1193 942 1372 978 Fortasse

183 1012 261 1034 una
289 1002 330 1034 in
359 1004 545 1047 promptu
579 1001 629 1034 sit
664 1003 705 1034 et
738 1000 909 1033 maxime
943 1001 1132 1046 appareat
1166 998 1370 1045 patientia.

183 1052 370 1088 Ceterum
386 1052 467 1088 illic
484 1057 545 1088 est
560 1051 766 1096 fortitudo,
781 1054 891 1087 cuius
907 1053 1101 1099 patientia
1115 1055 1156 1086 et
1172 1052 1373 1098 perpessio

182 1111 224 1142 et
244 1105 456 1142 tolerantia
476 1108 573 1141 rami
594 1110 696 1141 sunt.
757 1104 843 1140 Illic
865 1109 926 1141 est
946 1103 1171 1153 prudentia,
1192 1106 1276 1139 sine
1297 1115 1375 1151 qua

182 1159 338 1195 nullum
363 1161 487 1195 initur
512 1158 732 1203 consilium,
759 1171 860 1207 quae
888 1157 1041 1202 suadet,
1066 1157 1172 1206 quod
1199 1157 1373 1205 effugere

182 1226 262 1249 non
278 1215 411 1262 possis,
431 1226 548 1262 quam
564 1212 776 1248 fortissime
792 1211 907 1248 ferre.
958 1211 1044 1247 Illic
1061 1216 1121 1247 est
1138 1213 1373 1255 constantia,

183 1280 283 1316 quae
326 1266 429 1302 deici
471 1266 558 1302 loco
597 1279 677 1302 non
721 1270 854 1314 potest
896 1270 938 1301 et
979 1267 1224 1313 propositum
1267 1263 1375 1299 nulla

183 1323 220 1356 vi
259 1325 525 1369 extorquente
563 1319 743 1356 dimittit.
818 1318 904 1354 Illic
943 1323 1004 1355 est
1041 1317 1268 1354 individuus
1307 1316 1373 1353 ille

183 1376 395 1410 comitatus
419 1376 636 1416 virtutum3
665 1372 854 1422 quicquid
880 1371 1049 1408 honeste
1076 1371 1132 1417 fit,
1153 1384 1231 1407 una
1251 1373 1375 1407 virtus

182 1427 291 1471 facit,
331 1427 400 1463 sed
439 1440 487 1463 ex
526 1426 678 1463 consilii
717 1428 928 1462 sententia.
996 1425 1116 1471 Quod
1153 1430 1286 1461 autem
1325 1424 1374 1460 ab

183 1481 365 1517 omnibus
388 1481 600 1517 virtutibus
621 1480 898 1528 conprobatur,
919 1482 1039 1515 etiam
1061 1482 1091 1515 si
1118 1479 1167 1514 ab
1194 1491 1271 1514 una
1291 1477 1374 1514 fieri

184 1534 355 1579 videtur,
375 1534 551 1583 optabile
572 1538 643 1570 est.

118 1589 162 1625 11
251 1587 389 1633 Quid?
444 1587 503 1623 Tu
543 1590 743 1623 existimas
777 1600 822 1623 ea
861 1590 1018 1622 tantum
1052 1585 1241 1634 optabilia
1275 1598 1374 1629 esse,

438 1657 448 1675 ¹
470 1661 601 1698 putans
617 1656 705 1687 later
723 1654 824 1687 MSS.
844 1668 852 1691 ς
873 1659 979 1696 putas
994 1653 1120 1696 pVPb.

239 1725 253 1739 α
278 1718 414 1759 Vergil,
432 1718 579 1755 Amzeid,
598 1720 618 1750 i.
639 1720 680 1749 94
696 1717 732 1750 ff.

239 1763 251 1781 ¹²
276 1761 329 1803 Cf.
359 1761 462 1803 Livy,
489 1763 557 1793 viii.
582 1764 611 1794 9.
636 1763 654 1791 6
675 1760 710 1793 ff.
739 1785 746 1792 .
776 1786 782 1793 .
811 1786 818 1793 .
847 1760 989 1801 Ieffiones
1011 1759 1205 1801 aumiliaqne
1228 1759 1371 1790 hostium

188 1816 311 1837 mecum
331 1805 400 1836 deis
415 1804 573 1836 manibus
592 1803 781 1846 Tellurique
799 1803 948 1835 devoveo.

241 1855 252 1868 ι’
281 1847 324 1880 Ut
342 1848 455 1879 litaret
468 1859 477 1879 .·
501 1848 570 1884 ele„
589 1847 668 1879 that
684 1847 731 1888 by
748 1846 801 1878 his
819 1845 975 1877 sacrifice
992 1845 1036 1876 he
1054 1845 1168 1886 might
1189 1855 1312 1876 secure
1328 1855 1373 1876 an

187 1901 290 1922 omen
314 1891 354 1923 of
375 1901 525 1923 success.
578 1890 630 1932 Cf.
653 1889 766 1931 Pliny,
787 1889 885 1921 NH.
909 1890 978 1921 viii.
998 1891 1051 1925 45,
1075 1888 1146 1919 and
1170 1888 1372 1924 Suetonius,

186 1934 378 1975 Anyustzaes,
404 1936 466 1966 96:
494 1933 579 1965 “At
602 1933 663 1965 the
688 1934 783 1973 siege
810 1932 850 1963 of
875 1931 1030 1967 Perusia,
1057 1931 1157 1962 when
1190 1931 1233 1962 he
1264 1930 1375 1962 found

185 1977 247 2008 the
279 1976 454 2009 sacrifices
483 1987 573 2008 were
605 1979 667 2008 not
690 1975 894 2007 favour-able
926 1975 1105 2016 (sam-{sido
1138 1986 1206 2006 non
1231 1974 1373 2015 litanti),

187 2019 372 2060 Augustus
389 2020 502 2052 called
518 2020 572 2051 for
589 2030 684 2051 more
701 2018 877 2050 victims.”

187 2076 238 2107 40
