1434 2333
419 124 534 159 THE
565 124 817 160 EPISTLES
848 124 918 160 OF
947 123 1156 160 SENECA

129 213 176 249 28
197 211 318 248 Modo
347 211 464 247 latius
493 214 616 247 virtus
645 211 839 256 funditur,
865 224 987 261 regna
1017 212 1133 248 urbes
1161 214 1380 260 provincias

195 280 406 324 temperat,
427 275 505 312 fert
525 275 649 324 leges,
670 276 765 312 colit
784 279 989 321 amicitias,
1010 279 1116 312 inter
1138 279 1379 327 propinquos

194 341 416 390 liberosque
456 341 659 390 dispensat
698 341 834 386 officia,
872 341 990 378 modo
1029 346 1115 377 arto
1162 341 1240 378 fine
1287 355 1379 378 con-

193 406 367 442 cluditur
412 408 658 455 paupertatis
697 406 805 442 exilii
847 407 1037 443 orbitatis.
1115 407 1206 443 Non
1243 412 1379 444 tamen

193 475 321 507 minor
341 476 414 516 est,
435 474 466 508 si
488 484 536 508 ex
565 471 704 508 altiore
731 470 890 521 fastigio
909 474 950 507 in
971 474 1180 520 privatum,
1202 485 1250 508 ex
1269 475 1380 521 regio

126 539 174 575 29
193 539 234 572 in
255 536 405 573 humile
419 537 432 560 1
453 536 699 581 subducitur,
721 549 770 573 ex
796 536 956 586 publico
980 541 1021 572 et
1043 539 1213 585 spatioso
1234 539 1318 573 iure
1338 539 1379 572 in

193 605 395 651 angustias
416 601 555 638 domus
576 602 639 638 vel
666 601 803 651 anguli
830 605 919 638 coit.
979 601 1120 651 Aeque
1141 615 1285 651 magna
1305 607 1379 647 est,

194 669 316 703 etiam
337 670 368 703 si
389 670 429 702 in
450 680 491 703 se
511 670 675 703 recessit
690 667 866 716 undique
884 667 1052 704 exclusa.
1113 667 1379 704 Nihilominus

194 735 301 768 enim
318 735 452 781 magni
468 734 627 781 spiritus
643 737 703 768 est
725 737 767 769 et
787 735 923 777 erecti,
945 737 1107 769 exactae
1129 732 1379 781 prudentiae,

194 797 484 834 indeclinabilis
531 800 717 834 iustitiae.
804 797 910 846 Ergo
966 810 1092 847 aeque
1141 798 1258 833 beata
1305 801 1376 834 est.

195 862 362 898 Beatum
397 864 503 897 enim
538 861 638 898 illud
671 875 750 898 uno
784 862 870 898 loco
904 865 1075 911 positum
1116 866 1189 907 est,
1218 865 1258 898 in
1296 865 1381 911 ipsa

195 932 346 972 mente,
359 926 523 976 grande,
537 927 692 971 stabile,
709 927 979 976 tranquillum,
996 926 1102 976 quod
1115 929 1199 963 sine
1216 929 1381 963 scientia

195 992 418 1028 divinorum
439 991 781 1041 humanorumque
801 1005 882 1028 non
902 996 1036 1041 potest
1057 992 1166 1028 effici.

129 1061 178 1097 30
264 1056 452 1106 Sequitur
468 1056 580 1102 illud,
595 1056 701 1106 quod
714 1070 777 1093 me
791 1069 1070 1106 responsurum
1088 1069 1173 1093 esse
1187 1057 1379 1094 dicebam.

198 1121 289 1157 Non
309 1121 510 1170 adfligitur
530 1125 685 1171 sapiens
708 1122 922 1158 liberorum
942 1125 1165 1167 amissione,
1185 1135 1265 1158 non
1286 1124 1381 1157 ami-

197 1199 341 1222 corum.
402 1187 555 1223 Eodem
589 1190 695 1223 enim
730 1189 861 1223 animo
896 1187 973 1223 fert
1008 1187 1165 1223 illorum
1198 1192 1381 1232 mortem,

197 1265 274 1301 quo
309 1265 419 1288 suam
453 1256 651 1301 expectat.
712 1251 802 1288 Non
831 1255 956 1301 magis
986 1251 1087 1288 hanc
1117 1254 1235 1288 timet
1263 1265 1380 1302 quam

196 1317 304 1352 illam
343 1317 463 1353 dolet.
541 1317 675 1353 Virtus
723 1319 830 1353 enim
877 1320 1156 1353 convenientia
1202 1322 1383 1360 constat3

198 1384 329 1417 omnia
349 1394 469 1430 opera
489 1385 572 1418 eius
594 1395 684 1418 cum
707 1384 792 1431 ipsa
818 1381 1061 1418 concordant
1081 1387 1123 1418 et
1143 1387 1380 1431 congruunt.

200 1447 313 1483 Haec
334 1447 543 1483 concordia
564 1450 680 1496 perit,
701 1450 732 1483 si
752 1450 919 1492 animus,
935 1460 1054 1497 quem
1075 1447 1276 1484 excelsum
1297 1461 1382 1484 esse

198 1517 370 1561 oportet,
390 1511 501 1548 luctu
522 1517 590 1548 aut
611 1512 805 1549 desiderio
832 1515 1104 1548 summittitur.
1166 1511 1383 1549 Inhonesta

199 1582 259 1614 est
273 1580 399 1613 omnis
414 1577 630 1626 trepidatio
647 1582 688 1613 et
701 1576 939 1622 sollicitudo,
952 1579 993 1612 in
1008 1577 1089 1612 ullo
1105 1582 1196 1613 actu
1210 1579 1380 1626 pigritia.

200 1642 428 1679 Honestum
459 1645 566 1678 enim
596 1655 777 1679 securum
807 1647 848 1678 et
874 1641 1106 1691 expeditum
1134 1647 1207 1687 est,
1227 1644 1383 1678 interri-

131 1708 177 1744 31
200 1712 284 1743 tum
299 1712 372 1751 est,
386 1710 426 1743 in
440 1710 646 1756 procinctu
660 1711 749 1744 stat.
800 1710 824 1727 “
839 1706 945 1752 Quid
960 1719 1053 1756 ergo
1068 1708 1082 1743 Ρ
1130 1706 1221 1743 Non
1233 1706 1383 1756 aliquid

199 1772 488 1821 perturbationi
521 1772 649 1809 simile
683 1772 886 1821 patietur?
962 1772 1052 1807 Non
1086 1776 1126 1807 et
1161 1771 1266 1807 color
1299 1775 1382 1808 eius

481 1841 490 1859 ¹
516 1841 640 1873 humile
657 1840 801 1877 Haase;
825 1841 985 1872 humilem
1001 1839 1100 1872 VPb.

252 1954 264 1971 ¹¹
287 1909 471 1994 {gaggi}
490 1953 550 1984 the
571 1953 666 1994 early
684 1952 797 1985 Stoics
820 1953 997 1991 ὁμολογίας
1021 1952 1082 1983 the
1102 1951 1181 1983 idea
1203 1951 1243 1983 of
1265 1956 1382 1984 “con-
1433 1938 1434 1944 ἵ

198 1996 344 2037 formity
376 1996 458 2028 with
491 1999 615 2028 nature
628 1996 646 2007 '⁸
676 1997 705 2027 is
736 2006 757 2027 a
787 1995 1032 2026 fundamental
1063 1995 1222 2027 doctrine
1253 1995 1294 2026 of
1319 1995 1381 2027 the
1432 2004 1434 2038 ς

199 2039 329 2071 school.
378 2039 444 2071 See
463 2039 649 2071 Rackham
665 2049 710 2071 on
727 2038 861 2075 Cicero,
879 2038 930 2070 De
947 2038 1024 2070 Fe‘n.
1046 2039 1092 2070 iii.
1113 2040 1163 2070 21.

203 2096 275 2127 132
