1434 2333
410 95 526 132 THE
556 93 810 131 EPISTLES
841 94 912 131 OF
942 94 1151 132 SENECA

123 185 170 222 19
191 183 300 229 Quid
329 186 448 228 enim,
469 196 536 219 oro
564 189 618 228 te,
639 183 802 220 liberale
832 183 983 220 habent
1011 187 1077 221 isti
1106 187 1228 221 ieiuni
1257 187 1379 221 vomi-

192 253 308 295 tores,
333 262 499 298 quorum
531 262 691 298 corpora
720 251 761 284 in
791 251 940 297 sagina,
963 251 1084 285 animi
1113 252 1154 285 in
1182 252 1308 286 macie
1337 255 1379 287 et

191 319 356 350 veterno
404 315 526 350 sunt?
601 314 665 349 An
712 313 875 350 liberale
922 313 1098 350 studium
1144 317 1246 351 istuc
1293 327 1379 352 esse

190 379 389 415 iuventuti
427 384 585 415 nostrae
629 378 839 424 credimus,
877 392 994 428 quam
1042 382 1208 415 maiores
1255 382 1379 416 nostri

191 449 340 481 rectam
370 447 635 480 exercuerunt
663 443 821 480 hastilia
849 446 990 488 iacere,
1011 444 1150 480 sudem
1180 449 1365 494 torquere

191 522 338 559 equum
371 512 536 558 agitare,
566 522 673 544 arma
707 510 905 545 tractare?
964 508 1074 545 Nihil
1108 509 1251 546 liberos
1290 522 1379 546 suos

190 574 402 619 docebant,
437 573 544 623 quod
578 573 813 610 discendum
852 578 958 611 esset
995 575 1226 611 iacentibus.
1299 574 1379 612 Sed

190 652 264 675 nec
298 638 372 674 hae
406 652 481 675 nec
515 638 606 675 illae
635 638 783 675 docent
815 638 978 675 aluntve
1012 642 1211 676 virtutem.
1271 638 1379 685 Quid

191 706 297 740 enim
332 703 494 752 prodest
529 716 676 752 equum
710 716 849 753 regere
884 709 926 740 et
960 717 1114 741 cursum
1150 707 1233 741 eius
1267 704 1379 741 freno

190 773 426 817 temperare,
442 767 663 804 adfectibus
684 768 992 805 effrenatissimis
1007 768 1182 806 abstrahi
1198 770 1212 804 ?
1270 769 1379 815 Quid

189 832 352 882 prodest
389 833 535 869 multos
574 835 732 870 vincere
770 833 989 870 luctatione
1031 833 1094 870 vel
1142 838 1290 879 caestu,
1329 834 1379 870 ab

189 897 392 934 iracundia
411 900 513 933 Vinci
528 898 542 933 ?

122 970 172 1007 20
257 962 403 1009 “Quid
448 963 570 1012 ergo?
628 961 738 998 Nihil
783 963 896 999 nobis
940 963 1118 1000 liberalia
1165 963 1378 1001 conferunt

189 1028 319 1065 studia
335 1029 348 1063 ?
363 1028 383 1039 ''
443 1027 507 1064 Ad
528 1027 603 1063 alia
622 1027 807 1072 multum,
827 1027 877 1064 ad
897 1030 1087 1064 virtutem
1106 1027 1215 1064 nihil.
1276 1028 1377 1064 Nam

190 1098 232 1129 et
258 1092 332 1129 hae
356 1092 453 1129 viles
479 1106 526 1129 ex
556 1091 732 1142 professo
761 1098 879 1139 artes,
900 1106 1001 1142 quae
1031 1106 1149 1130 manu
1179 1099 1377 1139 constant,

189 1159 238 1195 ad
259 1162 524 1195 instrumenta
552 1161 656 1195 vitae
680 1158 893 1207 plurimum
919 1159 1142 1205 conferunt,
1163 1164 1299 1197 tamen
1328 1160 1377 1196 ad

189 1226 378 1259 virtutem
412 1235 492 1259 non
531 1227 748 1271 pertinent.
807 1223 978 1268 “Quare
1017 1237 1111 1273 ergo
1149 1224 1377 1261 liberalibus

189 1287 330 1323 studiis
364 1287 462 1323 filios
495 1287 760 1323 erudimus?'’
821 1288 911 1323 Non
945 1291 1036 1337 quia
1064 1291 1253 1326 virtutem
1283 1289 1376 1326 dare

190 1357 367 1401 possunt,
389 1351 457 1388 sed
485 1355 576 1401 quia
601 1355 777 1388 animum
806 1352 857 1388 ad
885 1353 1157 1402 accipiendam
1187 1357 1374 1391 virtutem

189 1422 436 1466 praeparant.
495 1416 844 1461 Quemadmodum
877 1420 1003 1466 prima
1036 1417 1116 1463 illa,
1147 1424 1190 1455 ut
1222 1422 1376 1469 antiqui

189 1482 396 1527 vocabant,
434 1481 674 1527 litteratura,
713 1495 784 1531 per
830 1495 948 1532 quam
996 1486 1127 1532 pueris
1175 1484 1376 1521 elementa

188 1547 413 1593 traduntur,
442 1560 523 1583 non
551 1547 671 1583 docet
699 1547 883 1584 liberales
917 1554 1035 1594 artes,
1065 1549 1135 1585 sed
1168 1562 1259 1586 mox
1288 1563 1376 1599 per-

188 1613 381 1661 cipiendis
405 1613 535 1649 locum
564 1617 690 1661 parat,
711 1615 765 1648 sic
790 1612 972 1649 liberales
998 1618 1103 1651 artes
1128 1627 1208 1650 non
1232 1615 1375 1664 perdu-

188 1683 284 1714 cunt
304 1681 478 1714 animum
499 1677 549 1714 ad
570 1680 773 1723 virtutem,
794 1677 864 1714 sed
885 1678 1116 1727 expediunt.

238 1839 252 1853 ¹1
281 1832 333 1875 ij.
354 1832 422 1874 Ep.
441 1843 497 1865 xv.
517 1834 538 1864 3
555 1832 651 1874 copia
669 1832 819 1864 ciborum
833 1833 1005 1866 subtilitas
1022 1835 1206 1876 inpeditur.

239 1877 251 1895 ὂ
276 1876 315 1907 111
333 1886 354 1907 a
371 1877 471 1907 strict
487 1886 589 1907 sense
605 1887 612 1914 ;
637 1878 710 1912 not,
728 1886 767 1907 as
790 1877 824 1907 in
848 1879 864 1915 ἓ
888 1878 919 1913 2,
937 1887 976 1909 as
994 1876 1129 1910 Seneca
1152 1878 1274 1910 thinks
1295 1878 1374 1911 that

184 1918 245 1950 the
262 1922 352 1950 term
369 1918 496 1950 should
512 1918 622 1960 really
639 1918 682 1950 be
704 1918 952 1951 defined—the
975 1924 997 1938 “
1011 1920 1131 1953 liberal
1143 1921 1160 1932 '⁹
1178 1921 1298 1963 study,
1316 1922 1370 1954 τῖε.

185 1962 246 1993 the
263 1964 399 2003 pursuit
415 1962 456 1994 of
469 1962 625 1994 wisdom.

236 2011 248 2025 ⁰
272 2004 340 2037 For
356 2005 417 2037 the
433 2007 541 2045 πρώτη
559 2007 671 2044 ἀγωγή
688 2015 747 2037 366
764 2004 967 2046 Quintilian,
987 2007 1020 2039 ii.
1043 2009 1071 2039 1.
1091 2010 1121 2040 4.

186 2055 262 2093 360
