1434 2333
377 96 493 132 THE
522 96 776 133 EPISTLES
808 96 878 132 OF
907 95 1114 133 SENECA

156 188 280 233 turpis
302 190 363 221 est
382 190 425 220 et
445 184 725 221 erubescenda.
786 185 866 220 Hic
887 190 948 221 est
969 187 1075 222 enim
1098 184 1253 230 Brutus,
1275 187 1342 233 qui

155 252 244 274 cum
258 241 456 287 periturus
469 241 605 274 mortis
619 251 744 274 moras
753 238 1033 288 quae1·eret,ad
1047 238 1341 275 exonerandum

155 297 337 328 ventrem
367 295 529 328 secessit
564 297 606 328 et
640 297 824 328 evocatus
853 292 903 328 ad
932 297 1102 329 mortem
1135 294 1340 340 iussusque

155 345 345 394 praebere
366 348 582 382 cervicem:
613 350 637 366 ‘⁶
650 346 886 394 praebebo,''
904 349 1046 395 inquit,
1063 348 1155 382 “ita
1175 345 1339 381 vivam.”

155 398 269 444 Quae
290 399 495 435 dementia
515 404 576 436 est
597 399 750 448 fugere,
770 413 860 436 cum
880 404 986 436 retro
1012 402 1068 436 ire
1088 412 1167 436 non
1188 400 1342 448 possis?

155 452 435 498 “Praebebo,''
467 456 608 502 inquit,
644 457 666 473 “
680 456 736 489 ita
765 453 928 489 vivam.”
1004 453 1133 490 Paene
1172 453 1341 489 adiecit:

154 506 255 542 “vel
280 507 352 542 sub
373 506 587 543 Antonio.'’
648 506 683 543 O
712 506 913 543 hominem
941 506 1121 556 dignum,
1141 510 1208 556 qui
1237 509 1341 542 vitae

153 559 390 596 dederetur!

86 613 133 649 13
221 613 315 659 Sed,
336 618 381 649 ut
401 625 608 662 coeperam
636 613 782 659 dicere,
803 614 912 651 vides
933 617 1056 663 ipsam
1076 618 1246 650 mortem
1266 626 1341 650 nec

154 667 302 703 malum
324 680 408 704 esse
430 680 504 703 nec
524 667 696 711 bonum;
728 667 825 703 Cato
851 668 919 704 illa
945 668 1222 704 honestissime
1250 679 1341 703 usus

155 726 229 766 est,
250 723 475 770 turpissime
498 720 652 757 Brutus.
713 721 854 757 Omnis
875 735 936 758 res
963 721 1069 770 quod
1095 734 1175 757 non
1202 719 1341 756 habuit

153 773 288 819 decus,
326 777 474 810 virtute
512 774 649 811 addita
687 778 816 811 Sumit.
893 775 1127 811 Cubiculum
1165 774 1342 810 lucidum

84 826 135 863 14
154 827 334 873 dicimus,
364 827 438 864 hoc
468 827 574 864 idem
603 828 922 865 obscurissimum
951 834 1012 865 est
1041 833 1170 864 nocte.
1244 827 1341 864 Dies

153 881 210 917 illi
231 881 361 918 lucem
383 881 572 926 infundit,
593 895 671 917 nox
692 885 833 930 eripit;
863 885 917 918 sic
943 885 1041 927 istis,
1061 894 1162 931 quae
1186 895 1208 917 a
1227 882 1341 918 nobis

153 935 422 972 indifferentia
468 948 512 971 ac
560 935 690 972 media
737 936 937 981 dicuntur,
982 935 1143 980 divitiis,
1181 935 1341 980 viribus,

154 988 316 1033 formae,
356 989 583 1034 honoribus,
622 1002 744 1038 regno
783 994 824 1026 et
867 994 1003 1026 contra
1040 992 1172 1034 morti,
1210 989 1341 1034 exilio,

153 1042 279 1079 malae
309 1042 541 1088 valetudini,
571 1042 770 1079 doloribus
799 1056 980 1093 quaeque
1009 1043 1086 1079 alia
1114 1047 1183 1079 aut
1210 1045 1340 1079 minus

152 1101 222 1132 aut
255 1099 380 1146 magis
414 1099 703 1145 pertimuimus,
733 1102 802 1133 aut
835 1097 985 1133 malitia
1018 1102 1086 1133 aut
1120 1099 1243 1132 virtus
1272 1096 1342 1133 dat

153 1151 246 1186 boni
266 1150 329 1186 vel
357 1150 448 1185 mali
476 1163 632 1186 nomen.
693 1150 822 1186 Massa
848 1164 919 1199 per
945 1164 986 1187 se
1014 1163 1087 1186 nec
1114 1149 1241 1186 calida
1265 1163 1340 1186 nec

152 1203 296 1252 frigida
316 1208 400 1246 est;
430 1206 469 1239 in
491 1203 691 1240 fornacem
712 1206 892 1240 coniecta
912 1204 1122 1249 concaluit,
1138 1206 1179 1239 in
1199 1216 1341 1252 aquam

152 1257 348 1293 demissal
370 1256 534 1293 refrixit.
595 1257 701 1293 Mors
723 1257 890 1294 honesta
917 1263 978 1294 est
1004 1271 1075 1306 per
1100 1257 1213 1302 illud,
1233 1257 1340 1306 quod

152 1310 393 1347 honestum2
431 1315 506 1355 est,
545 1310 584 1346 id
628 1315 690 1347 est
730 1314 854 1347 virtus
893 1316 934 1347 et
971 1314 1125 1347 animus
1163 1315 1341 1347 extrema

152 1369 426 1400 contemnens.

85 1419 131 1454 15
220 1418 294 1454 Est
331 1422 373 1454 et
411 1417 564 1462 horum,
600 1417 741 1463 Lucili,
774 1430 876 1467 quae
914 1418 1159 1467 appellamus
1196 1418 1340 1463 media,

152 1471 302 1520 grande
336 1471 558 1508 discrimen.
619 1471 709 1507 Non
749 1475 854 1508 enim
889 1474 943 1508 sic
977 1485 1080 1508 mors
1113 1472 1341 1509 indifferens

153 1520 227 1570 est,
264 1525 463 1574 quomodo
511 1530 642 1561 utrum
690 1525 852 1573 capillos
900 1538 1014 1574 pares
1061 1539 1110 1562 an
1157 1525 1341 1575 inpares3

152 1579 309 1615 habeas.
371 1579 478 1614 Mors
504 1581 610 1615 inter
636 1578 702 1614 illa
729 1584 802 1623 est,
823 1592 924 1628 quae
951 1579 1054 1615 mala
1077 1579 1238 1629 quidem
1259 1592 1339 1615 non

152 1637 258 1678 sunt,
287 1637 423 1668 tamen
453 1631 603 1668 liabent
632 1632 724 1668 mali
754 1635 950 1681 speciem3
984 1636 1043 1669 sui
1071 1646 1180 1669 amor
1208 1638 1269 1669 est
1299 1637 1341 1669 et

436 1708 445 1727 ¹
470 1709 615 1740 demissa
628 1707 773 1745 Haase;
796 1709 937 1741 remissa
953 1709 1054 1742 VPb.

376 1750 389 1770 2
413 1752 588 1783 honestum
603 1751 691 1783 later
708 1751 810 1784 MSS.
829 1765 837 1787 ;
861 1752 998 1784 honesta
1012 1752 1112 1785 VPb.

464 1794 476 1813 3
500 1806 545 1825 (ιη,
560 1794 712 1836 impares
726 1794 843 1826 added
859 1795 907 1837 by
924 1795 1036 1828 Koch.

204 1886 217 1898 α
244 1878 475 1919 Presumably
494 1877 538 1910 D.
559 1878 688 1910 Junius
706 1878 849 1919 Brutus,
865 1879 944 1911 who
960 1879 1081 1922 finally
1099 1882 1261 1913 incurred
1279 1882 1339 1914 the

151 1924 285 1963 enmity
298 1922 337 1953 of
347 1921 433 1953 both
446 1921 620 1954 Octavian
633 1921 704 1953 and
715 1922 874 1964 Antony.
910 1922 969 1954 He
982 1933 1053 1955 was
1064 1925 1338 1967 ignominiously

149 1964 404 2040 Rpatcssgocllfitgth
430 1964 477 2006 by
494 1975 515 1995 a
539 1964 633 1997 Gaul
652 1964 752 1996 while
776 1964 904 2007 fleeing
928 1969 964 1998 to
984 1966 1058 2008 join
1086 1967 1135 2000 M.
1157 1967 1287 2000 Brutus
1304 1970 1338 2000 in

151 2065 225 2096 5248
