1434 2333
399 102 514 139 THE
545 100 801 139 EPISTLES
832 100 903 136 OF
933 100 1144 139 SENECA

148 204 295 241 ‚quae,
329 194 359 227 si
397 190 556 239 quando
594 191 808 226 necessitas
847 188 1026 233 abstulit,
1056 202 1136 225 non
1175 192 1368 226 sentimus

179 250 320 286 ablata.

140 311 162 346 2
247 308 345 344 Cum
366 310 609 356 paucissimis
630 309 763 352 servis,
784 319 882 356 quos
903 319 1026 343 unum
1046 320 1188 356 capere
1209 306 1368 343 vehicu—

179 367 261 403 lum
281 369 425 416 potuit,
447 369 531 403 sine
554 366 642 402 ullis
662 367 793 411 rebus,
813 368 889 401 nisi
915 378 1017 415 quae
1044 379 1205 415 corpore
1233 371 1368 402 nostro

179 426 500 471 continebantur,
530 438 605 474 ego
635 431 677 462 et
708 425 905 461 Maximus
944 437 1056 461 meus
1093 424 1259 461 biduum
1289 428 1367 461 iam

177 486 450 522 beatissimum
479 487 643 533 agimus.
703 484 857 521 Culcita
886 486 927 520 in
956 488 1061 520 terra
1087 487 1203 529 iacet,
1226 497 1301 533 ego
1326 487 1367 520 in

178 544 332 581 culcita.
393 544 451 579 Ex
472 543 624 580 duabus
645 543 826 592 paenulis
845 543 971 580 altera
991 543 1223 592 stragulum,
1244 543 1370 580 altera

137 605 159 641 3
178 606 421 653 opertorium
435 601 540 640 facta
553 607 623 639 est.
671 603 733 639 De
748 602 914 652 prandio
927 601 1027 638 nihil
1043 601 1201 639 detrahi
1217 605 1368 651 potuit;

178 667 360 711 paratum
386 661 463 698 fuit
492 675 572 697 non
600 664 725 711 magis
752 661 858 707 hora,
885 674 1080 710 nusquam
1107 664 1192 698 sine
1219 664 1368 707 caricis,

178 735 393 771 numquam
422 724 506 757 sine
534 721 804 770 pugillaribus.
866 720 977 766 Illae,
998 723 1027 756 si
1055 734 1199 770 panem
1226 720 1368 766 habeo,

177 794 247 829 pro
263 780 530 829 pulmentario
547 785 649 826 sunt,
666 783 697 815 si
718 793 798 816 non
814 779 955 825 habeo,
968 793 1038 829 pro
1052 793 1166 829 pane.
1212 780 1368 816 Cotidie

177 839 273 875 mihi
313 852 461 876 annum
500 852 645 875 novum
675 838 840 884 faciunt,
869 852 988 888 quem
1019 852 1094 888 ego
1123 838 1298 875 faustum
1327 844 1369 876 et

177 898 337 935 felicem
367 898 490 935 reddo
520 899 633 934 bonis
662 898 972 947 cogitationibus
999 903 1041 934 et
1067 901 1187 934 animi
1214 901 1368 947 magni-

176 957 331 1003 tudine,
361 960 428 1006 qui
467 970 683 1007 numquam
722 960 844 993 maior
882 962 956 1002 est,
985 970 1104 1006 quam
1143 957 1210 993 ubi
1238 957 1368 994 aliena

177 1020 354 1065 seposuit
381 1022 422 1053 et
444 1016 540 1053 fecit
568 1017 641 1052 sibi
668 1029 807 1065 pacem
835 1016 935 1052 nihil
961 1016 1155 1061 timendo,
1177 1015 1273 1053 fecit
1294 1017 1367 1053 sibi

135 1077 156 1112 4
176 1075 332 1112 divitias
371 1075 469 1111 nihil
509 1075 837 1125 concupiscendo.
901 1074 1153 1121 Vehiculum,
1182 1078 1223 1112 in
1261 1076 1368 1126 quod

177 1137 371 1184 inpositus
410 1148 509 1179 sum,
540 1137 730 1171 rusticum
760 1139 845 1177 est3
888 1134 1020 1171 mulae
1050 1137 1181 1172 vivere
1211 1148 1252 1172 se
1286 1148 1367 1171 am-

176 1194 350 1230 bulando
379 1199 602 1236 testantur;
644 1193 767 1229 mulio
797 1193 1061 1238 excalceatus,
1090 1207 1170 1229 non
1205 1198 1368 1243 propter

174 1258 381 1289 aestatem.
432 1252 507 1288 Vix
527 1266 549 1288 a
565 1265 628 1288 me
645 1252 821 1297 obtineo,
835 1257 880 1289 ut
896 1251 970 1289 hoc
984 1251 1210 1289 vehiculum
1224 1253 1365 1290 velim1

175 1311 300 1348 videri
315 1324 460 1348 meum.
513 1311 639 1347 Durat
656 1311 786 1347 adhuc
802 1324 987 1360 perversa
1002 1314 1100 1348 recti
1114 1311 1366 1357 verecundia,

175 1375 217 1407 et
243 1373 428 1420 quotiens
455 1373 496 1406 in
523 1370 695 1419 aliquem
726 1373 958 1406 comitatum
989 1370 1198 1408 lautiorem
1227 1371 1366 1408 incidi-

173 1443 273 1474 mus,
302 1432 450 1466 invitus
489 1430 692 1475 erubesco,
721 1429 828 1478 quod
866 1435 1149 1479 argumentum
1187 1435 1249 1467 est
1277 1433 1365 1476 ista,

174 1502 275 1538 quae
292 1489 427 1537 probo,
444 1501 545 1537 quae
562 1488 691 1533 laudo,
705 1488 883 1525 nondum
898 1488 1046 1526 habere
1063 1494 1213 1526 certam
1228 1489 1365 1526 sedem

173 1553 215 1584 et
241 1547 483 1584 inmobilem.
543 1547 623 1593 Qui
650 1547 806 1584 sordido
833 1547 1016 1584 vehiculo
1044 1549 1256 1595 erubescit,
1276 1562 1365 1599 pre-

172 1610 272 1643 tioso
280 1607 535 1656 gloriabitur.
554 1620 555 1625 ¹

131 1671 152 1707 5
244 1666 383 1702 Parum
399 1665 528 1702 adhuc
542 1665 702 1715 profeci.
748 1665 937 1702 Nondum
950 1666 1078 1703 audeo
1091 1666 1364 1717 frugalitatem

173 1725 302 1774 palam
331 1724 445 1761 ferre.
505 1725 747 1761 Etiamnunc
786 1738 879 1761 curo
917 1728 1122 1774 opiniones
1155 1729 1360 1764 viatorum.

484 1811 493 1830 ¹
522 1811 615 1844 velim
633 1811 702 1848 V²²;
726 1811 833 1843 nolim
850 1811 964 1847 V1Pb,
983 1814 1049 1844 etc.

228 1894 241 1908 ‘¹
266 1888 318 1919 As
340 1887 442 1929 Pliny
458 1887 519 1919 the
542 1887 648 1919 Elder
665 1890 699 1929 (a
716 1899 798 1919 man
821 1888 861 1919 of
879 1887 941 1920 the
963 1899 1060 1920 same
1083 1890 1261 1931 inquiring
1281 1893 1361 1922 turn

175 1931 215 1962 of
228 1931 340 1970 mind)
357 1931 417 1963 did
433 1942 477 1963 on
496 1931 550 1963 his
563 1931 747 1973 journeys,
767 1930 881 1973 Pliny,
905 1931 969 1973 Ep.
991 1933 1035 1964 iii.
1056 1935 1086 1964 5.
1110 1935 1158 1964 15.

228 1975 240 1993 ⁶
266 1974 406 2006 Care'cae
423 1985 513 2006 were
530 1977 610 2007 sent
626 1985 665 2006 as
683 1974 772 2006 New
788 1974 883 2006 Year
898 1975 998 2016 gifts,
1016 1975 1192 2017 implying
1207 1975 1256 2018 by
1271 1975 1363 2009 their

175 2019 365 2050 sweetness
381 2017 443 2050 the
458 2017 552 2059 good
569 2018 695 2050 wishes
712 2018 753 2050 of
765 2017 826 2050 the
843 2017 980 2051 sender.

176 2073 250 2105 324
