1434 2333
409 98 525 134 THE
555 98 810 135 EPISTLES
840 98 911 135 OF
941 99 1151 136 SENECA

182 189 214 223 si
248 186 363 223 illum
396 186 645 224 muliebriter
678 187 845 223 tuleris?
902 186 1249 232 Quemadmodum
1288 201 1376 237 per-

182 247 365 281 niciosior
395 250 457 282 est
485 245 610 282 hostis
639 245 899 295 fugientibuS,
929 249 983 282 sic
1016 259 1134 283 onme
1167 247 1375 284 fortuitum

183 304 479 341 incommodum
494 307 620 354 magis
645 308 768 342 instat
795 305 957 342 cedenti
984 310 1026 342 et
1051 318 1198 342 averso.
1257 305 1375 342 “Sed

184 376 303 413 grave
337 363 435 401 est.'’
495 363 632 410 Quid?
689 364 770 400 Nos
804 364 855 400 ad
888 364 962 400 hoc
996 364 1119 402 fortes
1153 378 1299 409 sumus,
1331 370 1377 401 ut

184 423 286 459 levia
320 424 551 472 portemus?
610 423 754 460 Utrum
789 426 846 459 vis
875 423 1040 473 longum
1075 437 1160 461 esse
1196 424 1374 460 morbum

182 495 233 518 an
268 481 538 519 concitatum1
573 488 615 519 et
648 483 839 519 brevem?
895 481 936 519 Si
970 482 1110 532 longus
1145 488 1219 528 est,
1253 483 1376 519 habet

182 541 538 591 intercapedinem,
567 541 637 578 dat
666 540 875 578 refectioni
903 541 1047 586 locum,
1073 542 1244 578 multum
1274 546 1375 578 tem-

182 603 286 650 poris
324 600 460 646 donat,
499 613 662 638 necesse
701 606 775 645 est,
816 606 859 637 ut
897 601 1086 650 exurgit,2
1125 606 1166 637 et
1204 601 1372 637 desinat.

184 660 318 697 Brevis
351 661 510 696 morbus
544 673 588 696 ac
627 672 816 709 praeceps
850 659 1087 696 alterutrum
1120 659 1263 696 faciet:
1307 665 1376 696 aut

183 722 443 768 extinguetur
479 724 548 755 aut
582 721 804 768 extinguet.
878 718 986 764 Quid
1025 724 1159 756 autem
1193 721 1375 761 interest,

183 791 263 814 non
284 781 334 815 sit
354 792 405 814 an
425 791 505 814 non
526 779 626 814 sim?
685 778 732 814 In
755 783 921 828 utroque
942 778 1029 814 finis
1050 777 1213 814 dolendi
1235 782 1306 814 est.

116 839 162 875 18
251 837 357 874 Illud
370 850 528 887 quoque
542 837 732 887 proderit,
745 837 795 873 ad
810 837 904 874 alias
919 840 1181 886 cogitationes
1195 841 1374 874 avertere

181 900 359 933 animum
379 902 421 934 et
440 910 461 933 a
482 896 617 933 dolore
639 896 854 933 discedere.
914 896 1055 945 Cogita
1075 895 1171 946 quid
1191 896 1373 940 honeste,

181 956 278 1007 quid
299 955 457 993 fortiter
477 955 642 999 feceris;
672 956 794 992 bonas
815 960 948 1004 partes
968 960 1103 992 tecum
1123 958 1207 1004 ipse
1235 960 1371 992 tracta.

184 1016 419 1053 Memoriam
447 1018 488 1051 in
519 1028 577 1060 ea,
607 1028 708 1064 quae
738 1017 908 1051 maxime
938 1017 1101 1051 miratus
1137 1027 1191 1059 es,
1221 1027 1372 1063 sparge.

182 1075 293 1112 Tunc
315 1075 388 1112 tibi
410 1074 643 1111 fortissimus
670 1076 836 1124 quisque
858 1079 900 1110 et
920 1076 1045 1110 victor
1070 1073 1215 1109 doloris
1241 1086 1375 1109 occur-

181 1139 265 1171 rat:
304 1133 385 1179 ille,
423 1137 490 1183 qui
529 1133 647 1170 cum3
684 1136 832 1169 varices
871 1132 1111 1169 exsecandas
1150 1133 1374 1181 praeberet,

182 1194 317 1243 legere
333 1193 478 1230 librum
499 1195 766 1242 perseveravit
782 1205 790 1235 ;
819 1192 901 1237 ille,
918 1194 985 1241 qui
1001 1205 1080 1228 non
1096 1191 1216 1228 desiit
1231 1191 1374 1236 ridere,

182 1267 272 1289 cum
310 1253 385 1289 hoc
422 1255 551 1301 ipsum
593 1254 683 1288 irati
722 1256 890 1288 tortores
932 1253 1063 1287 omnia
1108 1253 1375 1287 instrumenta

182 1312 430 1349 crudelitatis
459 1324 552 1348 suae
583 1313 868 1360 experirentur.
931 1310 1019 1345 Non
1049 1312 1230 1345 vincetur
1263 1309 1375 1345 dolor

115 1378 163 1415 19
182 1374 348 1417 ratione,
368 1373 436 1421 qui
458 1373 584 1406 victus
605 1374 666 1406 est
686 1370 795 1405 risu?
853 1368 1054 1418 Quicquid
1074 1371 1131 1404 vis
1151 1381 1257 1404 nunc
1278 1368 1374 1405 licet

181 1430 301 1476 dicas,
318 1429 608 1467 destillationes
625 1433 667 1465 et
683 1431 761 1464 vim
778 1430 989 1464 continuae
1006 1430 1123 1464 tussis
1140 1432 1374 1477 egerentem

182 1493 376 1527 viscerum
396 1494 528 1538 partes
550 1493 591 1525 et
614 1487 768 1525 febrem
789 1486 1017 1536 praecordia
1044 1489 1127 1535 ipsa
1153 1491 1374 1523 torrentem

183 1554 225 1586 et
259 1552 365 1586 sitim
401 1554 443 1585 et
475 1553 583 1584 artus
616 1550 657 1583 in
692 1547 891 1583 diversum
925 1546 1100 1582 articulis
1135 1545 1374 1582 exeuntibus

183 1613 331 1652 tortos;
369 1608 457 1657 plus
491 1612 551 1644 est
585 1606 741 1643 flamma
775 1611 816 1642 et
845 1605 1006 1642 eculeus
1041 1609 1083 1642 et
1116 1604 1304 1641 lammina
1333 1609 1375 1641 et

182 1668 411 1705 vulneribus
432 1670 525 1716 ipsis
552 1665 912 1703 intumescentibus
939 1663 1046 1714 quod
1072 1664 1139 1700 illa
1165 1668 1375 1701 renovaret

366 1759 376 1778 ¹
401 1759 608 1791 concitatum
624 1757 712 1790 later
729 1755 832 1789 MSS.
850 1769 859 1793 ς
883 1756 1068 1797 coqe'tatum
1084 1754 1186 1788 VPb.

444 1803 456 1822 ²
480 1798 1104 1877 0³·‘2r‘55‘551132222fizffssfflffi·

236 1939 251 1953 α
276 1932 458 1974 Literassy,
484 1931 649 1973 perhaps,
677 1929 773 1961 “the
798 1928 902 1960 noble
926 1927 1015 1959 reles
1044 1926 1158 1959 which
1186 1937 1257 1968 you
1285 1925 1375 1957 have

183 1975 349 2019 played.''
403 1975 583 2008 Summers
615 1982 797 2015 compares
821 1971 856 2003 E
883 1996 890 2003 .
922 1973 990 2003 xiv.
1020 1973 1059 2002 13
1090 1970 1230 2002 ultimas
1254 1972 1375 2010 partes

186 2020 395 2051 Catonis—‘⁶
408 2019 469 2051 the
485 2018 622 2059 closing
638 2026 761 2049 scenes
779 2015 819 2047 of
862 2014 950 2046 ato's
968 2014 1064 2046 life.''

192 2076 264 2114 192
