1434 2333
383 105 499 141 THE
529 103 783 141 EPISTLES
814 104 885 141 OF
914 103 1125 142 SENECA

160 194 363 230 hominem
388 193 612 229 involutum
638 193 851 229 aestimas?
909 192 1132 242 Mangones
1159 193 1347 243 quicquid

160 252 233 292 est,
272 246 378 296 quod
416 246 638 296 displiceat,
677 246 809 296 aliquo
846 246 1044 282 lenocinio
1085 247 1350 292 abscondunt,

158 304 293 350 itaque
311 301 536 337 ementibus
552 305 785 336 ornamenta
804 302 888 349 ipsa
904 305 1087 349 suspecta
1107 305 1208 337 sunt.
1259 300 1350 337 Sive

159 367 246 391 crus
262 354 470 403 alligatum
487 357 568 391 sive
584 353 788 390 brachium
809 356 1017 403 aspiceres,
1033 353 1173 390 nudari
1193 354 1350 390 iuberes

94 412 141 449 10
160 413 202 445 et
221 411 351 458 ipsum
377 409 452 445 tibi
478 421 618 457 corpus
645 407 813 445 ostendi.
872 407 994 444 Vides
1020 407 1132 443 illum
1161 407 1349 458 Scythiae

160 461 428 499 Sarmatiaeve
454 475 591 511 regem
620 464 766 510 insigni
790 464 930 510 capitis
953 461 1171 498 decorum?
1226 461 1266 498 Si
1293 464 1350 497 vis

160 516 272 552 illum
306 518 516 553 aestimare
549 520 760 565 totumque
794 518 906 560 scire,
936 515 1061 564 qualis
1095 518 1156 561 sit,
1189 515 1350 552 fasciam

160 569 292 613 solve;
332 569 504 606 multum
537 569 631 605 mali
665 569 738 605 sub
766 569 837 616 *illa
870 569 981 605 latet.
1040 568 1149 614 Quid
1182 569 1233 605 de
1266 568 1351 605 aliis

160 623 327 673 loquor?
383 623 424 660 Si
454 623 702 672 perpendere
732 627 773 659 te
804 622 924 668 voles,
951 635 1099 672 sepone
1128 625 1351 672 pecuniam,

161 677 336 722 domum,
357 677 611 726 dignitatem,
638 680 746 713 intus
775 681 816 713 te
846 679 930 725 ipse
960 676 1174 713 considera.
1234 676 1351 713 Nunc

161 731 287 780 qualis
308 734 371 776 sis,
392 731 478 767 aliis
499 730 635 767 credis.
695 730 815 766 VALE.

668 933 852 970 LXXXI.

441 1028 595 1065 SENECA
625 1028 784 1065 chmo
814 1041 880 1065 svo
908 1041 1081 1065 SALVTEM

122 1129 139 1165 1
228 1124 417 1170 Quereris
451 1124 635 1161 incidisse
665 1130 705 1161 te
735 1127 776 1161 in
806 1124 1009 1162 hominem
1043 1127 1253 1174 ingratum.
1313 1123 1354 1160 Si

164 1178 237 1214 hoc
267 1191 373 1214 nune
403 1181 587 1227 primum,
607 1191 681 1227 age
710 1183 780 1215 aut
809 1178 992 1216 fortunae
1020 1184 1090 1215 aut
1119 1178 1353 1227 diligentiae

162 1237 255 1268 tuae
289 1235 444 1281 gratias.
505 1231 585 1268 Sed
619 1232 718 1268 nihil
752 1232 881 1269 facere
917 1232 991 1269 hoc
1025 1232 1111 1269 loco
1145 1232 1354 1281 diligentia

163 1290 297 1334 potest
335 1288 409 1322 nisi
447 1291 488 1322 te
522 1285 752 1334 malignum.
816 1286 919 1322 Nam
953 1289 983 1322 si
1021 1286 1096 1322 hoc
1134 1285 1352 1335 periculum

163 1342 287 1376 vitare
303 1339 485 1384 volueris,
498 1352 578 1375 non
594 1339 705 1376 dabis
721 1339 935 1384 benefieia3
964 1342 1020 1376 ita
1039 1353 1090 1376 ne
1106 1339 1212 1389 apud
1232 1339 1353 1376 alium

162 1398 341 1442 pereant,
362 1393 468 1442 apud
488 1398 529 1429 te
551 1394 749 1442 peribunt.

232 1447 322 1484 Non
351 1446 621 1496 respondeant
654 1449 786 1496 potius
819 1460 937 1496 quam
971 1460 1051 1484 non
1085 1447 1241 1484 dentur.
1301 1447 1354 1482 Et

163 1505 254 1550 post
282 1500 425 1537 malam
455 1505 635 1549 segetem
665 1500 877 1537 serendum
908 1506 992 1544 est;
1021 1514 1139 1550 saepe
1166 1500 1354 1550 quicquid

164 1557 336 1604 perierat
364 1553 529 1591 adsidua
558 1553 726 1591 infelicis
756 1554 828 1591 soli
862 1554 1087 1600 sterilitate,
1117 1557 1231 1591 unius
1260 1556 1353 1590 anni

122 1609 143 1644 2
164 1610 341 1645 restituit
379 1609 548 1645 ubertas.
619 1608 692 1645 Est
729 1611 846 1653 tanti,
884 1613 930 1645 ut
967 1613 1125 1658 gratum
1163 1610 1354 1653 invenias,

164 1665 333 1711 experiri
368 1667 409 1698 et
442 1665 629 1711 ingratos.
689 1662 817 1698 Nemo
855 1661 977 1699 habet
1011 1667 1093 1698 tam
1131 1667 1280 1699 certam
1313 1665 1354 1697 in

217 1770 231 1784 '¹
256 1763 289 1795 A
310 1763 484 1795 favourite
506 1763 620 1801 trick;
645 1764 688 1806 cf.
714 1763 861 1805 Quintil.
887 1765 920 1796 ii.
945 1766 995 1796 15.
1019 1765 1059 1795 25
1083 1775 1278 1806 orzanqones,
1296 1763 1355 1806 qui

165 1807 308 1839 colorem
317 1807 402 1849 fuco
419 1811 449 1839 et
465 1818 582 1839 verum
597 1807 703 1839 robur
720 1807 816 1839 inani
831 1807 952 1849 sayina
969 1807 1192 1840 mentiuntur.

219 1851 231 1870 ὁ
254 1849 329 1882 The
360 1849 483 1882 reader
506 1850 575 1882 will
606 1850 650 1882 be
680 1850 874 1882 interested
899 1853 937 1882 to
965 1861 1129 1892 compare
1154 1849 1225 1883 this
1249 1849 1354 1882 letter

165 1893 250 1925 with
288 1893 349 1925 the
386 1894 530 1926 treatise
563 1894 616 1935 (or
650 1894 769 1935 essay)
799 1893 852 1935 Of
883 1894 1041 1936 Beuefits,
1073 1893 1268 1926 translated
1305 1893 1353 1935 by

165 1936 320 1968 Thomas
345 1936 469 1978 Lodge
493 1938 527 1968 in
556 1939 638 1968 1614
661 1936 752 1968 from
777 1935 941 1969 Seneca's
965 1936 1063 1968 work
1090 1936 1140 1969 De
1164 1936 1352 1978 Beneficiis,

165 1979 278 2053 {meh
300 1990 375 2030 'was
399 1979 586 2012 dedicated
609 1982 645 2012 to
669 1979 846 2012 Aebutius
871 1979 1055 2017 Liberalis,
1073 1980 1133 2012 the
1158 1980 1295 2022 subject
1318 1979 1359 2011 of

180 2034 234 2064 4).
254 2033 319 2055 xm.

168 2079 242 2111 ⁶218
