1434 2333
398 126 513 162 THE
543 124 796 162 EPISTLES
828 125 898 162 OF
928 124 1139 162 SENECA

132 215 154 252 6
175 215 383 261 Quantum
398 216 667 262 temptaveris.
713 213 823 259 Quid
839 216 1054 262 expectas?
1101 213 1211 250 Nulli
1227 227 1363 263 sapere

176 305 266 329 casu
291 292 446 341 obtigit.
511 290 683 327 Pecunia
709 293 846 327 veniet
871 290 988 335 ultro,
1015 289 1141 326 honor
1166 289 1365 336 offeretur,

176 372 302 418 gratia
325 381 370 405 ac
396 368 570 418 dignitas
596 367 761 404 fortasse
788 370 1023 417 ingerentur
1049 367 1145 410 tibi3
1174 370 1297 403 virtus
1324 370 1365 403 in

176 450 218 481 te
252 457 332 481 non
365 443 527 480 incidet.
588 444 649 480 Ne
684 444 761 480 levi
795 443 957 493 quidem
988 456 1107 493 opera
1140 449 1209 480 aut
1247 456 1365 493 parvo

176 521 310 558 labore
327 523 601 571 cognoscitur3
631 520 701 557 sed
717 525 777 557 est
797 523 901 557 tanti
921 520 1097 557 laborare
1113 524 1243 557 onmia
1263 521 1367 557 bona

178 598 301 635 semel
335 602 585 646 occupaturo.
647 596 781 632 Unum
820 602 882 633 est
920 599 1026 633 enim
1065 597 1226 642 bonum,
1260 596 1366 647 quod

178 675 416 718 honestum3
458 677 500 710 in
533 674 610 710 illis
644 673 744 710 nihil
783 677 962 710 invenies
993 676 1088 719 veri,
1122 673 1223 709 nihil
1256 676 1367 718 certi,

135 756 157 796 7
179 765 453 801 quaecumque
480 752 607 787 famae
635 751 805 801 placent.
864 751 998 797 Quare
1018 756 1153 787 autem
1174 763 1296 787 unum
1318 752 1368 786 sit

179 830 340 874 bonum,
367 828 474 878 quod
505 828 732 874 honestum,
759 829 901 874 dicam,
928 831 1114 878 quoniam
1140 841 1277 877 parum
1304 841 1368 864 me

180 911 412 942 exsecutum
433 909 561 954 priore
583 905 753 954 epistula
773 905 921 941 iudicas
942 907 1146 953 magisque
1166 903 1269 940 hanc
1285 916 1368 940 rem

179 983 253 1019 tibi
286 982 487 1018 laudatam
523 995 641 1031 quam
675 982 880 1031 probatam
913 985 1041 1030 putas,
1077 986 1118 1017 et
1151 983 1192 1015 in
1225 985 1368 1025 artum,

180 1072 281 1109 quae
302 1059 409 1095 dicta
430 1064 535 1104 sunt,
556 1058 798 1095 contraham.

137 1142 160 1178 8
248 1135 394 1172 Omnia
414 1149 483 1172 suo
510 1136 613 1172 bono
634 1139 829 1171 constant.
889 1134 1023 1170 Vitem
1053 1133 1237 1170 fertilitas
1264 1146 1368 1169 com-

181 1211 344 1248 mendat
366 1217 407 1248 et
428 1225 541 1261 sapor
561 1214 655 1257 vini,
672 1211 860 1248 velocitas
880 1224 1050 1247 cervum.
1101 1210 1232 1256 Quam
1252 1209 1369 1246 fortia

179 1288 294 1324 dorso
314 1291 492 1325 iumenta
513 1291 591 1324 sint
611 1291 779 1337 quaeris,
796 1300 960 1336 quorum
981 1287 1045 1323 hic
1065 1300 1166 1323 unus
1183 1291 1244 1323 est
1264 1299 1369 1331 usus,

179 1368 370 1401 sarcinam
410 1364 523 1401 ferre.
601 1363 649 1400 In
687 1376 784 1400 cane
827 1366 1018 1413 sagacitas
1062 1365 1187 1412 prima
1225 1368 1299 1408 est,
1339 1365 1369 1398 si

179 1444 418 1490 investigare
446 1440 568 1477 debet
598 1440 713 1485 feras,
740 1452 887 1484 cursus,
915 1442 945 1475 si
972 1442 1173 1489 consequi,
1193 1438 1369 1485 audacia,

179 1520 210 1553 si
249 1517 430 1554 mordere
468 1522 509 1554 et
547 1516 744 1553 invadere.
813 1516 860 1552 Id
898 1519 939 1552 in
977 1529 1134 1565 quoque
1174 1518 1369 1565 optimum

137 1597 158 1634 9
180 1606 265 1630 esse
296 1593 432 1639 debet,
462 1596 524 1630 cui
554 1596 740 1637 nascitur,
770 1605 847 1642 quo
876 1597 1070 1629 censetur.
1131 1592 1179 1627 In
1209 1591 1369 1628 homine

180 1673 375 1719 optimum
402 1670 498 1719 quid
525 1671 615 1707 est?
674 1669 812 1712 Rati03
841 1668 914 1704 hac
941 1668 1145 1705 antecedit
1171 1667 1367 1712 animalia,

179 1745 274 1782 deos
295 1750 482 1796 sequitur.
545 1746 659 1782 Ratio
681 1758 775 1795 ergo
794 1745 972 1794 perfecta
998 1747 1199 1794 proprium
1219 1744 1367 1780 bonum

180 1827 254 1867 est,
289 1828 421 1860 cetera
454 1822 511 1858 illi
546 1835 635 1858 cum
669 1821 903 1858 animalibus
937 1824 1110 1871 satisque
1144 1823 1367 1857 communia

181 1904 283 1935 sunt.
343 1899 483 1942 Valet;
514 1903 555 1935 et
576 1898 721 1935 leones.
783 1897 989 1934 Formosus
1010 1902 1094 1940 est;
1125 1902 1167 1933 et
1182 1909 1364 1946 pavones.

661 2045 675 2059 ‘¹
700 2038 768 2080 Ep.
788 2038 891 2069 lxxiv.

184 2094 258 2126 150
