1434 2333
114 473 159 509 31

402 111 516 148 THE
547 108 801 146 EPISTLES
832 108 903 165 oF
933 107 1143 145 SENECA

185 202 273 237 Non
294 202 417 248 magis
441 212 558 248 quam
586 197 896 246 simplicitatem,
917 209 1035 246 quam
1062 195 1295 233 modestiam
1324 210 1369 232 ac

181 254 508 297 moderationem,
528 264 609 287 non
632 254 757 299 magis
783 263 902 300 quam
926 249 1199 299 frugalitatem
1219 263 1263 286 ac
1283 263 1369 299 par-

183 309 402 351 simoniam,
422 319 502 341 non
528 307 654 354 magis
680 317 797 354 quam
825 303 1094 349 clementiam,
1114 316 1215 353 quae
1239 303 1370 340 alieno

183 363 364 410 sanguini
386 364 589 409 tamquam
609 371 679 394 suo
705 360 832 407 parcit
852 362 894 394 et
918 360 992 394 scit
1011 356 1161 393 homini
1181 370 1262 393 non
1283 370 1369 394 esse

182 415 342 450 homine
363 413 527 462 prodige
548 411 754 449 utendum.

250 472 273 488 ‘¹
287 468 386 503 Cum
406 466 584 511 dicatis‚'’
607 468 748 515 inquit,
766 469 789 486 “
804 467 888 501 sine
908 464 1138 501 liberalibus
1158 464 1299 501 studiis
1319 464 1370 500 ad

182 524 372 558 virtutem
400 533 480 556 non
513 521 723 569 perveniri,
752 518 1087 569 quemadmodum
1117 521 1274 567 negatis
1302 517 1371 554 illa

182 574 280 611 nihil
321 573 498 611 conferre
537 575 675 610 virtuti
691 573 738 609 ?''
815 571 919 617 Quia
956 584 1031 608 nec
1069 575 1153 608 sine
1196 572 1283 608 cibo
1320 571 1371 608 ad

182 632 371 665 virtutem
405 629 648 676 pervenitur,
678 627 788 662 cibus
818 631 954 662 tamen
987 625 1037 662 ad
1071 628 1261 662 virtutem
1289 638 1370 661 non

151 730 157 731 ⁷
182 685 369 731 pertinet.
428 681 556 730 Ligna
584 683 673 716 navi
702 679 801 715 nihil
833 679 1056 724 conferunt,
1084 682 1261 729 quamvis
1289 692 1370 714 non

161 732 249 772 'fiat
269 738 377 771 navis
397 737 472 771 nisi
489 747 537 770 ex
553 734 681 783 lignis.
741 733 832 769 Non
853 738 927 778 est,
942 735 1116 782 inquam,
1133 745 1201 769 cur
1220 732 1371 781 aliquid

183 794 299 837 putes
328 791 411 825 eius
439 788 635 824 adiutorio
664 787 760 831 fieri,
781 790 865 823 sine
895 800 973 836 quo
1001 799 1082 822 non
1111 790 1245 835 potest
1274 785 1368 822 fieri.

142 854 149 861 ·
185 843 322 879 Potest
337 841 500 892 quidem
516 844 637 878 etiam
653 840 753 877 illud
767 840 861 877 dici:
883 843 967 876 sine
984 840 1213 877 liberalibus
1229 839 1369 876 studiis

183 899 307 933 veniri
345 896 395 932 ad
434 898 670 944 sapientiam
708 906 847 943 posse3
895 897 1072 943 quamvis
1107 896 1213 930 enim
1247 896 1370 930 virtus

182 949 371 987 discenda
391 952 455 995 sit,
475 954 611 985 tamen
630 961 711 984 non
731 961 802 997 per
820 947 919 984 haec
939 947 1113 984 discitur.

251 1002 359 1048 Quid
394 1008 454 1040 est
487 1007 635 1047 autem,
665 1014 785 1051 quare
820 1003 1045 1038 existimem
1078 1014 1159 1037 non
1192 1000 1370 1038 futurum

183 1060 405 1107 sapientem
439 1069 544 1101 eum,
575 1059 642 1105 qui
680 1056 834 1092 litteras
872 1057 1013 1100 nescit,
1048 1068 1137 1091 cum
1176 1057 1371 1104 sapientia

182 1125 262 1147 non
283 1114 333 1147 sit
359 1113 400 1146 in
424 1110 595 1147 litteris?
655 1109 730 1146 Res
758 1108 892 1153 tradit,
912 1122 993 1145 non
1023 1109 1154 1154 verba,
1175 1113 1218 1145 et
1236 1111 1370 1145 nescio

182 1179 232 1201 an
267 1167 410 1201 certior
441 1166 631 1200 memoria
660 1166 723 1207 sit,
753 1175 853 1212 quae
883 1162 1038 1198 nullum
1068 1167 1181 1198 extra
1209 1175 1250 1199 se
1279 1162 1369 1198 sub-

113 1222 163 1259 33
182 1218 325 1255 sidium
355 1217 490 1253 habet.
547 1216 695 1265 Magna
724 1221 766 1252 et
795 1218 966 1265 spatiosa
993 1229 1055 1252 res
1079 1221 1140 1252 est
1163 1218 1369 1264 sapientia.

182 1272 316 1308 Vacuo
350 1271 408 1307 illi
440 1271 526 1306 loco
559 1283 656 1319 opus
695 1274 765 1306 est.
827 1269 889 1306 De
927 1269 1070 1305 divinis
1109 1269 1370 1318 humanisque

182 1324 416 1361 discendum
446 1329 519 1369 est,
544 1323 594 1360 de
622 1325 846 1372 praeteritis
876 1323 926 1359 de
956 1322 1112 1367 futuris,
1132 1323 1182 1359 de
1213 1323 1370 1359 caducis

182 1379 232 1415 de
253 1381 438 1422 aeternis,
468 1377 518 1413 de
552 1382 744 1426 tempore.
805 1375 867 1413 De
906 1389 983 1426 quo
1015 1389 1094 1412 uno
1128 1376 1218 1413 vide
1251 1389 1369 1426 quam

182 1432 308 1468 multa
340 1436 603 1481 quaerantur:
646 1433 817 1479 primum
851 1443 901 1466 an
935 1443 1007 1479 per
1039 1443 1081 1467 se
1115 1433 1166 1466 sit
1194 1429 1370 1479 aliquid3

182 1485 328 1522 deinde
349 1498 399 1521 an
415 1484 564 1533 aliquid
579 1489 673 1520 ante
690 1489 848 1532 tempus
869 1486 920 1520 sit
941 1486 1024 1520 sine
1046 1489 1250 1533 tempore3
1279 1497 1369 1520 cum

233 1562 247 1575 ‘1
272 1554 356 1586 This
389 1564 498 1595 usage
528 1555 557 1585 is
595 1564 615 1585 a
646 1556 709 1585 not
746 1553 949 1594 infrequent
984 1563 1051 1584 one
1086 1555 1120 1584 in
1153 1553 1283 1589 Latin;
1321 1551 1366 1585 cf.

182 1598 379 1634 Petronius,
400 1597 472 1629 Sat.
492 1599 532 1628 42
557 1596 721 1628 'neminem
745 1596 831 1628 nihil
855 1596 1060 1638 bonifacere
1078 1600 1233 1637 oportet3
1259 1596 1304 1628 id.
1324 1595 1366 1628 ib.

180 1644 243 1678 583
268 1641 376 1682 Verg.
395 1640 466 1672 Ecz.
483 1651 514 1672 v.
536 1642 588 1677 25,
602 1642 668 1672 etc.
704 1639 771 1672 See
789 1639 1063 1680 Draeger‚Hist.
1079 1640 1159 1681 Syn.
1179 1640 1213 1672 ii.
1235 1638 1370 1676 7'5‚and

181 1684 298 1725 Roby,
317 1685 349 1715 ii.
374 1685 456 1715 2246
473 1683 508 1715 ff.

233 1728 246 1747 ὃ
272 1727 324 1769 Cf·
346 1727 437 1768 Epp.
461 1728 553 1758 xxxi.
575 1729 593 1757 6
617 1725 688 1757 and
711 1725 815 1757 lxxxi.
836 1727 876 1757 29
901 1725 1081 1757 aestimare
1104 1736 1168 1761 res,
1187 1726 1226 1757 de
1250 1724 1369 1766 quibus

218 1796 223 1803 .
253 1795 260 1802 .
288 1781 363 1801 cum
380 1781 495 1801 rerum
513 1773 642 1800 natura
658 1768 911 1801 deliberandum
930 1772 987 1800 est.

233 1820 244 1833 ⁰
267 1812 342 1844 The
358 1814 499 1844 ancient
523 1812 638 1844 Stoics
662 1811 803 1844 defined
826 1811 926 1843 Time
949 1821 988 1843 as
1008 1812 1226 1843 “extension
1248 1810 1289 1842 of
1308 1810 1369 1842 the

181 1855 317 1888 world's
349 1855 519 1888 motion.”
565 1855 640 1886 The
670 1865 815 1887 seasons
847 1864 938 1886 were
969 1854 1045 1886 said
1075 1857 1112 1886 to
1143 1854 1188 1886 be
1214 1853 1337 1885 “alive
1352 1854 1371 1865 ''

180 1899 332 1930 because
361 1898 447 1940 they
471 1898 658 1940 depended
684 1909 729 1930 on
761 1897 921 1929 material
948 1897 1157 1929 conditions.
1208 1896 1279 1928 But
1308 1897 1370 1928 the

180 1941 294 1974 Stoics
322 1942 429 1983 really
454 1941 732 1983 acknowledged
762 1940 861 1972 Time
890 1943 927 1972 to
959 1940 1002 1972 be
1026 1940 1245 1972 immaterial.
1294 1939 1369 1972 The

180 1994 276 2058 slame
293 1985 450 2026 problem
474 1984 514 2016 of
534 1984 768 2026 corporeality
785 1993 856 2016 was
881 1983 1064 2015 discussed
1089 1983 1173 2015 with
1190 1983 1315 2024 regard
1332 1986 1368 2015 to

177 2030 192 2058 t
220 2038 238 2058 e
257 2032 279 2045 ⁶⁶
291 2028 394 2069 good.

180 2078 254 2116 368
