1434 2333
400 78 516 115 THE
544 77 800 116 EPISTLES
831 77 902 114 OF
931 76 1143 115 SENECA

115 167 160 204 21
253 166 452 211 Quattuor
470 170 526 203 ait
547 179 631 203 esse
655 169 799 203 artium
827 166 1058 203 Posidonius
1077 178 1248 215 genera:
1278 169 1372 201 sunt

187 229 363 277 volgares
402 233 445 265 et
483 228 676 274 sordidae,
706 234 799 265 sunt
836 228 1025 274 ludicrae,
1055 232 1149 264 sunt
1186 227 1372 277 pueriles,

186 295 278 326 sunt
306 289 500 327 liberales.
561 290 749 339 Volgares
779 290 977 339 opificum,
1001 303 1102 340 quae
1135 302 1251 326 manu
1281 301 1372 325 con-

186 356 294 388 stant
328 357 369 389 et
402 352 451 388 ad
485 352 759 389 instruendam
793 355 916 388 vitam
949 357 1165 401 occupatae
1199 356 1305 396 sunt,
1333 353 1374 386 in

187 414 328 462 quibus
366 414 475 450 nulla
513 414 677 460 decoris,
716 414 826 450 nulla
863 413 1023 451 honesti
1061 413 1261 450 simulatio
1300 417 1372 449 est.

118 478 167 514 22
188 475 381 513 Ludicrae
409 482 514 522 sunt,
535 489 636 526 quae
665 476 717 513 ad
746 476 993 526 voluptatem
1022 476 1225 513 oculorum
1253 481 1374 524 atque

187 541 339 574 aurium
359 539 544 575 tendunt.
606 539 682 575 His
703 539 940 576 adnumeres
960 539 1057 576 licet
1072 538 1376 582 machinatores,

187 603 255 649 qui
276 606 462 650 pegmata
486 614 557 650 per
576 613 618 637 se
645 604 850 650 surgentia
876 603 1105 650 excogitant
1131 605 1171 636 et
1197 599 1377 636 tabulata

190 665 311 699 tacite
350 666 389 698 in
428 663 596 700 sublime
631 666 851 700 crescentia
885 668 926 700 et
959 663 1054 699 alias
1089 676 1137 699 ex
1170 665 1376 711 inopinato

188 727 400 760 varietates
429 730 498 760 aut
528 724 842 770 dehiscentibus,
868 738 969 775 quae
999 724 1280 768 cohaerebant,
1309 727 1378 759 aut

188 786 261 831 his,
291 799 391 835 quae
421 787 637 832 distabant,
667 801 735 823 sua
764 792 907 836 sponte
943 787 1178 824 coeuntibus
1205 791 1275 822 aut
1303 785 1377 829 his,

189 861 289 897 quae
324 849 567 895 eminebant,
597 850 787 899 paulatim
822 852 862 885 in
893 862 933 885 se
964 848 1240 885 residentibus.
1303 848 1379 883 His

190 913 461 959 imperitorum
484 911 681 947 feriuntur
696 911 799 947 oculi
821 914 951 947 omnia
972 911 1115 956 subita,
1132 913 1223 960 quia
1244 922 1379 946 causas

122 973 169 1009 :23
190 985 268 1007 non
307 985 465 1018 novere,
503 976 742 1010 mirantium.
804 973 979 1010 Pueriles
1018 977 1110 1009 sunt
1149 977 1191 1008 et
1230 971 1379 1022 aliquid

190 1033 384 1071 habentes
405 1035 632 1071 liberalibus
654 1035 780 1071 simile
803 1035 876 1071 hae
897 1040 1016 1079 artes,
1037 1047 1132 1084 quas
1154 1033 1381 1084 ἐγκυκλίους

191 1096 345 1142 Graeci,
366 1101 489 1134 nostri
517 1103 650 1134 autem
678 1098 861 1134 liberales
891 1102 1044 1134 vocant.
1106 1096 1220 1133 Solae
1245 1101 1380 1133 autem

190 1158 373 1195 liberales
393 1164 500 1204 sunt,
522 1162 654 1204 immo,
676 1165 719 1195 ut
740 1159 869 1195 dicam
890 1162 1033 1203 verius,
1054 1159 1215 1204 liberae,
1236 1159 1380 1208 quibus

191 1233 306 1257 curae
328 1223 449 1257 virtus
471 1226 541 1258 est.

121 1285 170 1320 24
258 1287 282 1303 ‘⁶'
292 1282 679 1328 Quemadmodum,''
698 1286 840 1332 inquit,
855 1287 878 1303 “
892 1288 953 1319 est
967 1283 1099 1332 aliqua
1112 1296 1200 1332 pars
1214 1282 1382 1332 philoso-

192 1343 307 1393 phiae
324 1344 526 1389 naturalis,
541 1349 601 1380 est
615 1344 745 1393 aliqua
762 1344 932 1389 moralis,
945 1350 1007 1381 est
1018 1344 1151 1394 aliqua
1166 1344 1382 1389 rationalis,

192 1409 245 1441 sic
281 1411 322 1442 et
356 1405 453 1442 haec
487 1419 644 1455 quoque
677 1406 899 1442 liberalium
928 1409 1073 1442 artium
1102 1406 1217 1442 turba
1250 1406 1381 1442 locum

192 1468 264 1504 sibi
298 1471 337 1504 in
372 1468 623 1517 philosophia
657 1468 842 1505 vindicat.
904 1468 1000 1504 Cum
1036 1473 1203 1505 ventum
1237 1474 1299 1505 est
1331 1468 1381 1504 ad

193 1530 392 1567 naturales
416 1534 683 1580 quaestiones,
703 1534 947 1580 geometriae
975 1533 1205 1567 testimonio
1230 1535 1382 1574 statui-3

123 1598 172 1633 25
193 1604 287 1641 ergo
309 1595 405 1637 eius,
426 1605 544 1642 quam
568 1592 742 1637 adiuvat,
762 1606 850 1641 pars
878 1592 976 1630 est.”
1037 1592 1168 1629 Multa
1195 1592 1384 1629 adiuvant

245 1736 259 1748 ‘l
285 1728 389 1761 From
408 1729 501 1761 what
524 1729 622 1761 work
641 1729 682 1761 of
703 1729 912 1761 Posidonius
934 1728 1070 1761 Seneca
1091 1730 1120 1761 is
1137 1729 1219 1761 here
1235 1731 1385 1771 quoting

194 1782 245 1803 we
261 1772 306 1804 do
323 1775 384 1804 not
408 1772 538 1809 know;
562 1774 589 1804 it
612 1783 695 1814 may
712 1772 863 1814 perhaps
887 1772 932 1804 be
954 1772 1047 1804 from
1065 1772 1126 1804 the
1149 1775 1380 1814 Προτρεπτικοί,

194 1815 521 1890 οἷηξὲἔιοέΐξιίὶοηε,
562 1815 759 1857 indicating
796 1815 858 1847 the
895 1817 1052 1857 training
1090 1815 1316 1858 preliminary
1347 1818 1384 1848 to

193 1869 215 1899 p
243 1869 258 1921 1²²
282 1869 354 1934 Seg
365 1870 448 1934 ribte
464 1914 497 1938 (ι,
516 1912 549 1944 p.
568 1904 642 1935 345.

246 1950 258 1963 ⁰
282 1945 349 2018 ιζρὶ,
390 1945 636 1977 mathematics
681 1947 708 1977 is
757 1956 777 1977 a
820 1944 1051 1987 department·
1093 1945 1133 1977 of
1166 1945 1385 1987 philosophia

195 1991 322 2018 natura
341 1988 376 2020 is.

199 2038 274 2075 362
