1434 2333
397 93 512 129 THE
543 90 799 129 EPISTLES
829 89 901 127 OF
929 89 1141 127 SENECA

176 193 324 230 ponere
377 193 426 217 ex
478 180 637 216 multis:
699 178 949 216 “dormienti
1002 191 1120 214 nemo
1166 181 1360 214 secretum

176 259 399 283 sermonem
434 247 673 289 committit3
712 247 793 281 viro
826 249 963 281 autem
990 244 1095 280 bono
1125 245 1364 285 committit;

109 309 157 346 10
176 313 234 347 vir
252 311 379 347 bonus
400 324 495 360 ergo
519 324 599 348 non
626 310 810 347 dormit.'’
869 309 960 356 Quo
982 322 1059 346 uno
1080 308 1197 345 modo
1218 311 1364 357 potest,

179 376 411 413 Posidonius
446 377 614 413 Zenonis
648 378 774 412 nostri
803 388 961 412 causam
994 377 1091 424 agit,
1120 373 1191 410 sed
1224 385 1275 409 ne
1310 374 1364 408 sic

177 441 352 491 quidem,
378 447 423 478 ut
453 444 649 487 existimo,
675 443 740 491 agi
770 445 914 490 potest.
974 440 1045 477 Ait
1075 442 1181 476 enim
1211 438 1363 475 ebrium

176 506 330 543 duobus
350 506 477 543 modis
497 507 598 543 dici:
627 506 767 551 altero,
783 519 874 542 cum
889 505 1029 555 aliquis
1045 508 1135 541 vino
1156 506 1283 552 gravis
1304 506 1366 539 est

177 578 218 609 et
252 575 364 622 inpos
398 575 480 616 sui3
523 572 663 618 altero,
696 575 727 609 si
761 571 863 609 solet
901 571 1032 608 ebrius
1071 569 1154 606 fieri
1193 573 1235 606 et
1273 567 1365 604 huic

177 638 369 674 obnoxius
398 641 494 675 vitio
524 643 596 675 est.
656 638 778 674 Hunc
805 651 827 673 a
854 637 1014 673 Zenone
1041 635 1132 680 dici,
1152 637 1220 684 qui
1240 633 1365 670 soleat

177 703 259 740 fieri
280 704 424 748 ebrius,
444 716 525 739 non
545 705 613 753 qui
633 705 693 739 sit.
754 703 861 739 Huic
881 706 1016 738 autem
1037 703 1240 737 neminem
1260 711 1365 736 com-

109 765 153 802 11
176 769 384 802 missurum
400 779 551 814 arcana,
570 778 671 815 quae
687 778 758 814 per
773 768 908 800 vinum
925 764 1056 813 eloqui
1072 765 1205 812 possit.
1247 760 1365 806 Quod

175 836 237 868 est
257 831 409 868 falsum.
463 831 592 867 Prima
607 833 714 867 enini
734 829 802 865 illa
821 831 1081 878 interrogatio
1101 827 1367 876 conplectitur

176 909 281 942 eum,
321 899 389 946 qui
427 901 489 933 est
531 897 675 941 ebrius,
714 908 795 931 non
841 907 947 940 eum,
985 896 1052 944 qui
1097 893 1253 929 futurus
1291 897 1362 929 est.

178 961 395 998 Plurimum
426 964 533 999 enim
562 964 755 998 interesse
785 959 980 997 concedes
1009 963 1051 996 et
1079 961 1185 996 inter
1213 958 1365 994 ebrium

175 1032 217 1064 et
238 1027 447 1064 ebriosum.
510 1026 647 1063 Potest
667 1031 709 1063 et
735 1028 802 1076 qui
830 1026 961 1062 ebrius
982 1029 1057 1070 est,
1076 1030 1173 1061 tunc
1194 1026 1364 1073 primum

175 1105 261 1129 esse
299 1105 373 1129 nec
412 1092 559 1128 habere
594 1091 668 1128 hoc
707 1094 861 1136 vitium,
897 1095 939 1127 et
976 1093 1043 1140 qui
1082 1090 1257 1126 ebriosus
1291 1094 1363 1133 est,

175 1170 293 1206 saepe
325 1162 436 1194 extra
466 1157 705 1193 ebrietatem
738 1169 834 1192 esse.
909 1155 1049 1204 Itaque
1083 1155 1124 1191 id
1158 1154 1365 1204 intellego,

174 1222 280 1272 quod
311 1222 521 1272 significari
547 1222 667 1258 verbo
697 1224 773 1258 isto
803 1220 917 1265 solet,
939 1223 1172 1269 praesertim
1199 1233 1289 1256 cum
1315 1220 1364 1255 ab

175 1287 335 1324 homine
365 1287 617 1336 diligentiam
647 1286 823 1336 professo
853 1291 1025 1334 ponatur
1054 1290 1095 1322 et
1126 1285 1244 1322 verba
1273 1298 1363 1322 exa-

174 1356 365 1389 minante.
425 1352 551 1388 Adice
576 1365 682 1388 nunc
707 1351 826 1401 quod,
847 1354 877 1387 si
905 1350 979 1387 hoc
1003 1350 1204 1388 intellexit
1228 1350 1363 1388 Zenon

175 1423 218 1454 et
244 1431 314 1454 nos
338 1417 577 1467 intellegere
608 1417 747 1462 voluit,
767 1417 1030 1466 ambiguitate
1057 1416 1166 1453 verbi
1196 1418 1365 1465 quaesiit

175 1483 305 1519 locum
335 1481 477 1527 fraudi,
507 1482 613 1532 quod
647 1481 875 1519 faciendum
909 1494 990 1518 non
1024 1486 1097 1527 est,
1126 1481 1192 1518 ubi
1222 1484 1365 1518 veritas

175 1551 388 1598 quaeritur.

109 1619 155 1655 12
242 1614 322 1651 Sed
344 1625 437 1650 sane
465 1611 539 1648 hoc
564 1615 756 1656 senserit;
787 1611 893 1661 quod
914 1614 1105 1661 sequitur,
1127 1610 1269 1648 falsum
1290 1615 1363 1656 est,

175 1682 211 1716 ei
244 1683 311 1729 qui
347 1680 472 1717 soleat
506 1681 637 1717 ebrius
671 1678 767 1724 fieri,
802 1692 881 1715 non
916 1681 1111 1715 committi
1141 1691 1363 1715 sermonem

175 1750 384 1782 secretum.
444 1745 584 1795 Cogita
614 1747 733 1789 enim,
754 1757 871 1794 quam
898 1744 1034 1780 multis
1063 1744 1255 1781 militibus
1283 1756 1363 1780 non

174 1823 331 1859 semper
359 1811 496 1848 sobriis
526 1816 567 1847 et
595 1813 809 1859 imperator
837 1814 879 1846 et
907 1809 1089 1846 tribunus
1117 1814 1159 1846 et
1185 1811 1365 1846 centurio

229 1928 244 1941 ‘l
271 1921 324 1963 Cf.
352 1922 421 1964 Ep.
451 1922 532 1954 xlix.
560 1924 580 1953 8
611 1922 702 1964 quod
732 1932 801 1953 non
839 1920 1038 1963 perdidisti,
1071 1921 1170 1952 habes
1183 1933 1197 1959 ,·
1236 1932 1363 1953 cornua

176 1969 289 1996 autem
300 1976 369 1996 non
381 1965 569 2007 perdidisti
582 1977 596 2003 ,·
620 1976 748 1997 cornua
761 1963 1079 2006 e⁷2q0}1(1bes,—and
1089 1963 1150 1996 the
1162 1963 1363 2006 syllogisms

175 2009 279 2048 given
298 2009 332 2039 in
351 2008 419 2050 Ep.
437 2008 542 2040 xlviii.

177 2058 254 2096 ⁶264
