1434 2333
106 209 128 245 3

372 121 488 158 THE
517 122 770 160 EPISTLES
801 123 871 161 OF
900 123 1110 161 SENECA

147 221 266 245 nemo
297 208 502 246 deliberat.
576 208 684 246 Scire
722 210 846 247 debet
879 211 974 260 quid
1007 216 1121 261 petat
1153 211 1234 258 ille,
1267 213 1335 261 qui

148 273 334 319 sagittam
354 270 440 307 vult
469 273 643 316 mittere,
665 277 706 308 et
734 277 831 308 tunc
860 272 1041 322 derigere
1070 287 1114 310 ae
1140 273 1335 310 moderari

147 344 266 368 manu
282 331 419 368 telum.
479 332 621 369 Errant
638 333 798 369 consilia
813 338 958 379 nostra,
971 337 1061 384 quia
1076 348 1156 371 non
1171 334 1336 380 habent,

147 406 225 442 quo
263 393 505 443 derigantur.
584 394 801 444 Ignoranti,
840 408 959 445 quem
1005 401 1163 445 portum
1209 401 1335 446 petat,

147 454 280 491 nullus
301 468 391 492 suus
412 461 555 493 ventus
583 462 652 494 est.
714 458 886 494 Necesse
913 462 974 494 est
999 458 1169 494 multum
1196 461 1236 494 in
1256 460 1336 494 vita

107 517 130 553 4
148 522 281 553 nostra
308 531 419 555 casus
446 521 581 567 possit,
608 522 699 568 quia
726 522 891 556 vivimus
918 533 1018 556 casu.
1089 519 1336 564 Quibusdam

107 1208 128 1244 Ut

148 584 282 615 autem
299 583 446 625 evenit,
460 586 505 617 ut
520 581 715 630 quaedam
729 584 826 618 scire
841 594 882 617 se
895 584 1085 618 nesciant.
1136 581 1337 627 Quemad-

148 641 309 678 modum
336 645 560 691 quaerimus
580 655 698 692 saepe
720 656 798 688 eos,
820 657 909 679 cum
933 644 1074 693 quibus
1101 648 1262 688 stamus,
1283 646 1339 679 ita

147 703 382 753 plerumque
403 704 522 740 finem
543 708 684 741 summi
704 706 797 741 boni
818 709 1043 755 ignoramus
1063 705 1299 755 adpositum.

216 766 301 802 Nec
329 766 465 803 multis
495 767 623 803 verbis
652 780 726 804 nec
756 770 963 804 circumitu
992 768 1125 817 longO,
1151 767 1258 817 quod
1287 770 1338 804 sit

148 841 346 864 summum
383 829 545 874 bonum,
580 829 793 879 colliges13
841 830 981 879 digito,
1019 835 1063 866 ut
1102 833 1157 866 ita
1195 829 1337 875 dicam,

148 890 500 927 demonstrandum
518 896 578 927 est
598 905 673 928 nec
693 895 734 928 in
755 892 880 928 multa
897 892 1171 940 spargendum.
1230 891 1338 936 Quid

149 956 256 989 enim
284 953 333 989 ad
362 966 446 989 rem
475 957 651 1002 pertinet
684 957 725 990 in
756 954 968 1003 particulas
1001 953 1101 990 illud
1135 953 1337 999 diducere,

149 1029 238 1051 cum
287 1019 410 1064 possis
459 1016 615 1052 dicere:
674 1029 871 1052 summum
919 1017 1066 1052 bonum
1114 1022 1188 1061 est,
1232 1016 1338 1066 quod

148 1077 362 1114 honestum
397 1079 484 1114 est?
556 1078 609 1114 Et
642 1078 749 1127 quod
782 1081 906 1128 magis
944 1078 1173 1115 admireris:
1214 1092 1337 1115 unum

148 1140 297 1176 bonum
345 1145 417 1185 est,
456 1140 562 1189 quod
609 1140 822 1177 honestum
870 1145 943 1185 est,
983 1145 1115 1177 cetera
1153 1140 1250 1176 falsa
1297 1146 1339 1177 et

148 1202 371 1238 adulterina
409 1202 512 1238 bona
545 1207 648 1239 sunt.
728 1203 817 1239 Hoc
849 1205 880 1239 si
919 1205 1155 1252 persuaseris
1194 1203 1266 1238 tibi
1297 1208 1338 1239 et

148 1267 337 1301 virtutem
363 1264 618 1310 adamaveris,
647 1278 778 1301 amare
814 1267 920 1301 enim
954 1278 1090 1313 parum
1126 1269 1198 1310 est,
1230 1267 1338 1314 quic-

147 1327 243 1376 quid
272 1326 340 1362 illa
369 1330 595 1376 contigerit,
620 1327 660 1363 id
690 1327 776 1372 tibi,
801 1326 1089 1376 qualecumque
1118 1326 1203 1362 aliis
1230 1326 1338 1362 vide-

147 1390 267 1434 bitur,
296 1389 470 1425 faustum
498 1388 673 1438 felixque
704 1392 788 1426 erit.
848 1389 901 1424 Et
934 1391 1122 1437 torqueri,
1157 1391 1186 1424 si
1221 1388 1339 1424 modo

147 1454 312 1487 iacueris
335 1454 419 1500 ipso
447 1456 660 1500 torquente
687 1454 870 1495 securior,
895 1455 936 1486 et
961 1455 1180 1499 aegrotare,
1202 1453 1232 1486 si
1258 1463 1338 1485 non

148 1514 250 1549 male
280 1513 425 1549 dixeris
451 1512 647 1557 fortunae,
677 1516 708 1548 si
738 1526 816 1548 non
846 1515 1008 1548 cesseris
1033 1512 1183 1557 morbo,
1207 1515 1337 1548 omnia

148 1576 334 1625 (lenique,
356 1588 456 1624 quae
483 1578 625 1611 ceteris
652 1575 838 1611 videntur
860 1574 975 1619 mala,
997 1579 1037 1609 et
1058 1579 1338 1610 mansuescent

148 1644 189 1675 et
210 1642 250 1674 in
270 1638 418 1674 bonum
439 1638 619 1682 abibunt,
640 1639 670 1673 si
691 1650 808 1685 super
827 1635 893 1671 illa
913 1638 1134 1672 eminueris.

217 1700 307 1736 Hoc
334 1700 495 1749 liqueat,
525 1699 623 1735 nihil
651 1711 736 1735 esse
763 1698 910 1734 bonum
938 1701 1011 1733 nisi
1039 1697 1264 1743 honestum,
1294 1702 1336 1734 et

148 1765 279 1798 omnia
307 1760 557 1798 incommoda
588 1773 657 1796 suo
690 1763 773 1796 iure
808 1760 911 1795 bona
944 1759 1200 1804 vocabuntur,
1234 1772 1335 1808 quae

421 1847 431 1866 ¹
455 1847 588 1889 colliqes
604 1845 789 1882 Muretus;
814 1845 943 1887 colliyis
959 1843 1061 1877 MSS.

202 1941 216 1954 α
242 1933 310 1965 For
322 1945 343 1965 a
356 1932 539 1965 definition
556 1932 595 1964 of
608 1933 781 1964 honestum
800 1941 858 1962 see
871 1930 1005 1967 Cicero,
1020 1930 1070 1962 De
1083 1931 1160 1962 Fin.
1179 1932 1210 1961 ii.
1226 1933 1266 1962 45
1283 1930 1334 1966 ff.‚

149 1977 220 2009 and
237 1976 452 2009 Rackham's
470 1979 564 2011 note,
581 1975 782 2017 explaining
799 1976 826 2006 it
842 1984 880 2006 as
900 1979 922 1991 ‘⁶
935 1976 970 2005 τὸ
988 1976 1097 2011 καλὸν,
1111 1973 1172 2005 the
1189 1973 1335 2015 morally

148 2020 321 2060 beautiful
337 2031 376 2051 or
391 2019 521 2061 good.''

151 2075 200 2108 74
