<?xml version="1.0" encoding="UTF-8"?>
<!DOCTYPE html PUBLIC "-//W3C//DTD XHTML 1.0 Transitional//EN"
    "http://www.w3.org/TR/xhtml1/DTD/xhtml1-transitional.dtd">
<html xmlns="http://www.w3.org/1999/xhtml" xml:lang="en" lang="en">
 <head>
  <title>
</title>
<meta http-equiv="Content-Type" content="text/html;charset=utf-8" />
  <meta name='ocr-system' content='tesseract 3.04.00' />
  <meta name='ocr-capabilities' content='ocr_page ocr_carea ocr_par ocr_line ocrx_word'/>
</head>
<body>
  <div class='ocr_page' id='page_1' title='image "adlucilium02sene_0022.png"; bbox 0 0 1434 2333; ppageno 0'>
   <div class='ocr_carea' id='block_1_1' title="bbox 400 106 1135 146">
    <p class='ocr_par' dir='ltr' id='par_1_1' title="bbox 400 106 1135 146">
     <span class='ocr_line' id='line_1_1' title="bbox 400 106 1135 146; baseline 0.004 -3"><span class='ocrx_word' id='word_1_1' title='bbox 400 106 515 143; x_wconf 91' lang='lat' dir='ltr'>THE</span> <span class='ocrx_word' id='word_1_2' title='bbox 545 107 796 145; x_wconf 90' lang='lat' dir='ltr'>EPISTLES</span> <span class='ocrx_word' id='word_1_3' title='bbox 827 108 897 145; x_wconf 91' lang='lat' dir='ltr'>OF</span> <span class='ocrx_word' id='word_1_4' title='bbox 926 107 1135 146; x_wconf 91' lang='lat' dir='ltr'><strong>SENECA</strong></span> 
     </span>
    </p>
   </div>
   <div class='ocr_carea' id='block_1_2' title="bbox 107 193 1358 1576">
    <p class='ocr_par' dir='ltr' id='par_1_2' title="bbox 177 193 1358 511">
     <span class='ocr_line' id='line_1_2' title="bbox 178 193 1356 241; baseline 0.003 -12"><span class='ocrx_word' id='word_1_5' title='bbox 178 206 313 230; x_wconf 87' lang='lat' dir='ltr'>mersa.</span> <span class='ocrx_word' id='word_1_6' title='bbox 373 193 413 231; x_wconf 88' lang='lat' dir='ltr'>Si</span> <span class='ocrx_word' id='word_1_7' title='bbox 450 197 550 231; x_wconf 88' lang='lat' dir='ltr'>ratio</span> <span class='ocrx_word' id='word_1_8' title='bbox 587 195 718 232; x_wconf 89' lang='lat' dir='ltr'>divina</span> <span class='ocrx_word' id='word_1_9' title='bbox 752 201 825 241; x_wconf 84' lang='lat' dir='ltr'>est,</span> <span class='ocrx_word' id='word_1_10' title='bbox 858 196 1010 233; x_wconf 89' lang='lat' dir='ltr'>nullum</span> <span class='ocrx_word' id='word_1_11' title='bbox 1043 202 1176 233; x_wconf 86' lang='lat' dir='ltr'>autem</span> <span class='ocrx_word' id='word_1_12' title='bbox 1210 197 1356 233; x_wconf 88' lang='lat' dir='ltr'>bonum</span> 
     </span>
     <span class='ocr_line' id='line_1_3' title="bbox 178 249 1355 292; baseline 0.003 -10"><span class='ocrx_word' id='word_1_13' title='bbox 178 249 262 284; x_wconf 90' lang='lat' dir='ltr'>sine</span> <span class='ocrx_word' id='word_1_14' title='bbox 285 250 436 284; x_wconf 87' lang='lat' dir='ltr'>ratione</span> <span class='ocrx_word' id='word_1_15' title='bbox 458 253 531 292; x_wconf 90' lang='lat' dir='ltr'>est,</span> <span class='ocrx_word' id='word_1_16' title='bbox 551 249 698 285; x_wconf 92' lang='lat' dir='ltr'>bonum</span> <span class='ocrx_word' id='word_1_17' title='bbox 724 263 840 286; x_wconf 92' lang='lat' dir='ltr'>omne</span> <span class='ocrx_word' id='word_1_18' title='bbox 866 250 1041 286; x_wconf 89' lang='lat' dir='ltr'>divinum</span> <span class='ocrx_word' id='word_1_19' title='bbox 1062 255 1133 286; x_wconf 87' lang='lat' dir='ltr'>est.</span> <span class='ocrx_word' id='word_1_20' title='bbox 1194 250 1355 286; x_wconf 85' lang='lat' dir='ltr'>Nullum</span> 
     </span>
     <span class='ocr_line' id='line_1_4' title="bbox 177 301 1358 352; baseline 0.003 -16"><span class='ocrx_word' id='word_1_21' title='bbox 177 313 290 348; x_wconf 90' lang='lat' dir='ltr'>porro</span> <span class='ocrx_word' id='word_1_22' title='bbox 329 303 434 337; x_wconf 87' lang='lat' dir='ltr'>inter</span> <span class='ocrx_word' id='word_1_23' title='bbox 471 301 602 337; x_wconf 86' lang='lat' dir='ltr'>divina</span> <span class='ocrx_word' id='word_1_24' title='bbox 639 302 848 339; x_wconf 84' lang='lat' dir='ltr'>discrimen</span> <span class='ocrx_word' id='word_1_25' title='bbox 886 308 969 346; x_wconf 91' lang='lat' dir='ltr'>est;</span> <span class='ocrx_word' id='word_1_26' title='bbox 1012 316 1105 352; x_wconf 86' lang='lat' dir='ltr'>ergo</span> <span class='ocrx_word' id='word_1_27' title='bbox 1142 316 1216 339; x_wconf 91' lang='lat' dir='ltr'>nec</span> <span class='ocrx_word' id='word_1_28' title='bbox 1254 306 1358 339; x_wconf 90' lang='lat' dir='ltr'>inter</span> 
     </span>
     <span class='ocr_line' id='line_1_5' title="bbox 177 354 1355 405; baseline 0.003 -16"><span class='ocrx_word' id='word_1_29' title='bbox 177 354 289 389; x_wconf 89' lang='lat' dir='ltr'>bona.</span> <span class='ocrx_word' id='word_1_30' title='bbox 351 354 460 390; x_wconf 88' lang='lat' dir='ltr'>Paria</span> <span class='ocrx_word' id='word_1_31' title='bbox 479 358 613 404; x_wconf 90' lang='lat' dir='ltr'>itaque</span> <span class='ocrx_word' id='word_1_32' title='bbox 638 361 729 392; x_wconf 88' lang='lat' dir='ltr'>sunt</span> <span class='ocrx_word' id='word_1_33' title='bbox 756 361 798 392; x_wconf 86' lang='lat' dir='ltr'>et</span> <span class='ocrx_word' id='word_1_34' title='bbox 825 356 1012 405; x_wconf 86' lang='lat' dir='ltr'>gaudium</span> <span class='ocrx_word' id='word_1_35' title='bbox 1038 362 1080 393; x_wconf 84' lang='lat' dir='ltr'>et</span> <span class='ocrx_word' id='word_1_36' title='bbox 1105 357 1216 392; x_wconf 86' lang='lat' dir='ltr'>fortis</span> <span class='ocrx_word' id='word_1_37' title='bbox 1236 361 1355 405; x_wconf 88' lang='lat' dir='ltr'>atque</span> 
     </span>
     <span class='ocr_line' id='line_1_6' title="bbox 177 407 1355 459; baseline 0.003 -17"><span class='ocrx_word' id='word_1_38' title='bbox 177 407 377 444; x_wconf 87' lang='lat' dir='ltr'>obstinata</span> <span class='ocrx_word' id='word_1_39' title='bbox 405 413 693 445; x_wconf 87' lang='lat' dir='ltr'>tormentorum</span> <span class='ocrx_word' id='word_1_40' title='bbox 722 412 944 458; x_wconf 81' lang='lat' dir='ltr'>perpessio3</span> <span class='ocrx_word' id='word_1_41' title='bbox 982 413 1022 445; x_wconf 91' lang='lat' dir='ltr'>in</span> <span class='ocrx_word' id='word_1_42' title='bbox 1053 415 1220 459; x_wconf 88' lang='lat' dir='ltr'>utroque</span> <span class='ocrx_word' id='word_1_43' title='bbox 1251 413 1355 446; x_wconf 88' lang='lat' dir='ltr'>enim</span> 
     </span>
     <span class='ocr_line' id='line_1_7' title="bbox 177 460 1357 511; baseline 0.003 -15"><span class='ocrx_word' id='word_1_44' title='bbox 177 460 318 496; x_wconf 85' lang='lat' dir='ltr'>eadem</span> <span class='ocrx_word' id='word_1_45' title='bbox 355 466 416 497; x_wconf 92' lang='lat' dir='ltr'>est</span> <span class='ocrx_word' id='word_1_46' title='bbox 453 465 572 498; x_wconf 87' lang='lat' dir='ltr'>animi</span> <span class='ocrx_word' id='word_1_47' title='bbox 609 462 854 511; x_wconf 82' lang='lat' dir='ltr'>magnitudo,</span> <span class='ocrx_word' id='word_1_48' title='bbox 887 466 927 499; x_wconf 93' lang='lat' dir='ltr'>in</span> <span class='ocrx_word' id='word_1_49' title='bbox 964 463 1088 499; x_wconf 87' lang='lat' dir='ltr'>altero</span> <span class='ocrx_word' id='word_1_50' title='bbox 1122 466 1281 499; x_wconf 83' lang='lat' dir='ltr'>remissa</span> <span class='ocrx_word' id='word_1_51' title='bbox 1315 468 1357 499; x_wconf 89' lang='lat' dir='ltr'>et</span> 
     </span>
    </p>

    <p class='ocr_par' dir='ltr' id='par_1_3' title="bbox 111 509 1357 1150">
     <span class='ocr_line' id='line_1_8' title="bbox 111 509 1354 564; baseline 0.002 -15"><span class='ocrx_word' id='word_1_52' title='bbox 111 509 294 559; x_wconf 82' lang='lat' dir='ltr'>13laeta,</span> <span class='ocrx_word' id='word_1_53' title='bbox 332 517 373 550; x_wconf 89' lang='lat' dir='ltr'>in</span> <span class='ocrx_word' id='word_1_54' title='bbox 410 515 533 551; x_wconf 87' lang='lat' dir='ltr'>altera</span> <span class='ocrx_word' id='word_1_55' title='bbox 577 529 736 564; x_wconf 83' lang='lat' dir='ltr'>pugnax</span> <span class='ocrx_word' id='word_1_56' title='bbox 774 521 815 552; x_wconf 85' lang='lat' dir='ltr'>et</span> <span class='ocrx_word' id='word_1_57' title='bbox 856 519 1020 553; x_wconf 86' lang='lat' dir='ltr'>intenta.</span> <span class='ocrx_word' id='word_1_58' title='bbox 1092 516 1228 561; x_wconf 84' lang='lat' dir='ltr'>Quid?</span> <span class='ocrx_word' id='word_1_59' title='bbox 1297 516 1354 551; x_wconf 86' lang='lat' dir='ltr'>Tu</span> 
     </span>
     <span class='ocr_line' id='line_1_9' title="bbox 176 569 1357 618; baseline 0.003 -16"><span class='ocrx_word' id='word_1_60' title='bbox 176 580 256 603; x_wconf 91' lang='lat' dir='ltr'>non</span> <span class='ocrx_word' id='word_1_61' title='bbox 294 573 408 616; x_wconf 89' lang='lat' dir='ltr'>putas</span> <span class='ocrx_word' id='word_1_62' title='bbox 450 581 584 617; x_wconf 87' lang='lat' dir='ltr'>parem</span> <span class='ocrx_word' id='word_1_63' title='bbox 623 582 708 605; x_wconf 91' lang='lat' dir='ltr'>esse</span> <span class='ocrx_word' id='word_1_64' title='bbox 742 572 929 605; x_wconf 86' lang='lat' dir='ltr'>virtutem</span> <span class='ocrx_word' id='word_1_65' title='bbox 967 573 1063 614; x_wconf 85' lang='lat' dir='ltr'>eius,</span> <span class='ocrx_word' id='word_1_66' title='bbox 1097 573 1162 618; x_wconf 89' lang='lat' dir='ltr'>qui</span> <span class='ocrx_word' id='word_1_67' title='bbox 1202 569 1357 605; x_wconf 88' lang='lat' dir='ltr'>fortiter</span> 
     </span>
     <span class='ocr_line' id='line_1_10' title="bbox 176 619 1354 672; baseline 0.002 -17"><span class='ocrx_word' id='word_1_68' title='bbox 176 619 349 657; x_wconf 87' lang='lat' dir='ltr'>hostium</span> <span class='ocrx_word' id='word_1_69' title='bbox 379 625 533 658; x_wconf 87' lang='lat' dir='ltr'>moenia</span> <span class='ocrx_word' id='word_1_70' title='bbox 566 627 782 672; x_wconf 83' lang='lat' dir='ltr'>expugnat,</span> <span class='ocrx_word' id='word_1_71' title='bbox 812 628 853 659; x_wconf 92' lang='lat' dir='ltr'>et</span> <span class='ocrx_word' id='word_1_72' title='bbox 885 625 981 668; x_wconf 83' lang='lat' dir='ltr'>eius,</span> <span class='ocrx_word' id='word_1_73' title='bbox 1010 626 1077 672; x_wconf 86' lang='lat' dir='ltr'>qui</span> <span class='ocrx_word' id='word_1_74' title='bbox 1110 623 1354 659; x_wconf 77' lang='lat' dir='ltr'>obsidionem</span> 
     </span>
     <span class='ocr_line' id='line_1_11' title="bbox 176 675 1354 725; baseline 0.002 -16"><span class='ocrx_word' id='word_1_75' title='bbox 176 677 464 722; x_wconf 78' lang='lat' dir='ltr'>patientissime</span> <span class='ocrx_word' id='word_1_76' title='bbox 481 678 649 712; x_wconf 84' lang='lat' dir='ltr'>sustinet</span> <span class='ocrx_word' id='word_1_77' title='bbox 664 677 678 712; x_wconf 85' lang='lat'>?</span> <span class='ocrx_word' id='word_1_78' title='bbox 726 676 894 724; x_wconf 83' lang='lat' dir='ltr'>Magnus</span> <span class='ocrx_word' id='word_1_79' title='bbox 909 676 920 699; x_wconf 80' lang='lat'>1</span> <span class='ocrx_word' id='word_1_80' title='bbox 938 675 1081 724; x_wconf 82' lang='lat' dir='ltr'>Scipio,</span> <span class='ocrx_word' id='word_1_81' title='bbox 1097 680 1163 725; x_wconf 89' lang='lat' dir='ltr'>qui</span> <span class='ocrx_word' id='word_1_82' title='bbox 1182 676 1354 712; x_wconf 83' lang='lat' dir='ltr'>Numan-</span> 
     </span>
     <span class='ocr_line' id='line_1_12' title="bbox 175 727 1354 778; baseline 0.002 -15"><span class='ocrx_word' id='word_1_83' title='bbox 175 730 272 763; x_wconf 87' lang='lat' dir='ltr'>tiam</span> <span class='ocrx_word' id='word_1_84' title='bbox 299 727 426 764; x_wconf 89' lang='lat' dir='ltr'>cludit</span> <span class='ocrx_word' id='word_1_85' title='bbox 452 734 493 764; x_wconf 88' lang='lat' dir='ltr'>et</span> <span class='ocrx_word' id='word_1_86' title='bbox 519 732 728 778; x_wconf 82' lang='lat' dir='ltr'>conprimit</span> <span class='ocrx_word' id='word_1_87' title='bbox 754 732 938 778; x_wconf 84' lang='lat' dir='ltr'>cogitque</span> <span class='ocrx_word' id='word_1_88' title='bbox 965 732 1130 765; x_wconf 90' lang='lat' dir='ltr'>invictas</span> <span class='ocrx_word' id='word_1_89' title='bbox 1157 743 1294 765; x_wconf 89' lang='lat' dir='ltr'>manus</span> <span class='ocrx_word' id='word_1_90' title='bbox 1314 733 1354 765; x_wconf 89' lang='lat' dir='ltr'>in</span> 
     </span>
     <span class='ocr_line' id='line_1_13' title="bbox 177 782 1354 832; baseline 0.002 -16"><span class='ocrx_word' id='word_1_91' title='bbox 177 784 342 817; x_wconf 88' lang='lat' dir='ltr'>exitium</span> <span class='ocrx_word' id='word_1_92' title='bbox 375 784 477 830; x_wconf 87' lang='lat' dir='ltr'>ipsas</span> <span class='ocrx_word' id='word_1_93' title='bbox 511 795 624 818; x_wconf 89' lang='lat' dir='ltr'>suum</span> <span class='ocrx_word' id='word_1_94' title='bbox 659 785 780 825; x_wconf 86' lang='lat' dir='ltr'>verti;</span> <span class='ocrx_word' id='word_1_95' title='bbox 812 795 977 832; x_wconf 84' lang='lat' dir='ltr'>magnus</span> <span class='ocrx_word' id='word_1_96' title='bbox 1010 782 1078 819; x_wconf 93' lang='lat' dir='ltr'>ille</span> <span class='ocrx_word' id='word_1_97' title='bbox 1110 783 1354 818; x_wconf 87' lang='lat' dir='ltr'>obsessorum</span> 
     </span>
     <span class='ocr_line' id='line_1_14' title="bbox 175 836 1353 884; baseline 0.003 -15"><span class='ocrx_word' id='word_1_98' title='bbox 175 837 341 879; x_wconf 88' lang='lat' dir='ltr'>animus,</span> <span class='ocrx_word' id='word_1_99' title='bbox 357 838 424 884; x_wconf 91' lang='lat' dir='ltr'>qui</span> <span class='ocrx_word' id='word_1_100' title='bbox 444 838 517 871; x_wconf 88' lang='lat' dir='ltr'>scit</span> <span class='ocrx_word' id='word_1_101' title='bbox 537 849 614 871; x_wconf 90' lang='lat' dir='ltr'>non</span> <span class='ocrx_word' id='word_1_102' title='bbox 636 848 720 872; x_wconf 89' lang='lat' dir='ltr'>esse</span> <span class='ocrx_word' id='word_1_103' title='bbox 741 836 904 881; x_wconf 89' lang='lat' dir='ltr'>clusum,</span> <span class='ocrx_word' id='word_1_104' title='bbox 921 839 982 871; x_wconf 90' lang='lat' dir='ltr'>cui</span> <span class='ocrx_word' id='word_1_105' title='bbox 1003 849 1104 872; x_wconf 90' lang='lat' dir='ltr'>mors</span> <span class='ocrx_word' id='word_1_106' title='bbox 1125 841 1260 884; x_wconf 82' lang='lat' dir='ltr'>aperta</span> <span class='ocrx_word' id='word_1_107' title='bbox 1281 841 1353 881; x_wconf 85' lang='lat' dir='ltr'>est,</span> 
     </span>
     <span class='ocr_line' id='line_1_15' title="bbox 176 888 1355 938; baseline 0.002 -15"><span class='ocrx_word' id='word_1_108' title='bbox 176 892 218 923; x_wconf 90' lang='lat' dir='ltr'>et</span> <span class='ocrx_word' id='word_1_109' title='bbox 254 891 295 923; x_wconf 90' lang='lat' dir='ltr'>in</span> <span class='ocrx_word' id='word_1_110' title='bbox 334 888 529 937; x_wconf 86' lang='lat' dir='ltr'>conplexu</span> <span class='ocrx_word' id='word_1_111' title='bbox 566 889 760 925; x_wconf 84' lang='lat' dir='ltr'>libertatis</span> <span class='ocrx_word' id='word_1_112' title='bbox 798 892 959 938; x_wconf 83' lang='lat' dir='ltr'>expirat.</span> <span class='ocrx_word' id='word_1_113' title='bbox 1028 890 1167 937; x_wconf 81' lang='lat' dir='ltr'>Aeque</span> <span class='ocrx_word' id='word_1_114' title='bbox 1206 889 1355 938; x_wconf 89' lang='lat' dir='ltr'>reliqua</span> 
     </span>
     <span class='ocr_line' id='line_1_16' title="bbox 175 942 1353 991; baseline 0.002 -15"><span class='ocrx_word' id='word_1_115' title='bbox 175 954 332 990; x_wconf 91' lang='lat' dir='ltr'>quoque</span> <span class='ocrx_word' id='word_1_116' title='bbox 358 944 463 978; x_wconf 86' lang='lat' dir='ltr'>inter</span> <span class='ocrx_word' id='word_1_117' title='bbox 489 955 529 978; x_wconf 85' lang='lat' dir='ltr'>se</span> <span class='ocrx_word' id='word_1_118' title='bbox 556 945 662 991; x_wconf 86' lang='lat' dir='ltr'>paria</span> <span class='ocrx_word' id='word_1_119' title='bbox 688 947 792 987; x_wconf 77' lang='lat' dir='ltr'>sunt,</span> <span class='ocrx_word' id='word_1_120' title='bbox 816 942 1091 991; x_wconf 82' lang='lat' dir='ltr'>tranquillitas,</span> <span class='ocrx_word' id='word_1_121' title='bbox 1113 942 1353 991; x_wconf 82' lang='lat' dir='ltr'>simplicitas,</span> 
     </span>
     <span class='ocr_line' id='line_1_17' title="bbox 174 994 1349 1044; baseline 0.001 -14"><span class='ocrx_word' id='word_1_122' title='bbox 174 994 401 1039; x_wconf 84' lang='lat' dir='ltr'>liberalitas,</span> <span class='ocrx_word' id='word_1_123' title='bbox 473 998 706 1040; x_wconf 87' lang='lat' dir='ltr'>constantia,</span> <span class='ocrx_word' id='word_1_124' title='bbox 770 998 1066 1044; x_wconf 86' lang='lat' dir='ltr'>aequanimitas,</span> <span class='ocrx_word' id='word_1_125' title='bbox 1131 996 1349 1032; x_wconf 82' lang='lat' dir='ltr'>tolerantia.</span> 
     </span>
     <span class='ocr_line' id='line_1_18' title="bbox 175 1047 1351 1098; baseline 0.001 -14"><span class='ocrx_word' id='word_1_126' title='bbox 175 1047 371 1084; x_wconf 91' lang='lat' dir='ltr'>Omnibus</span> <span class='ocrx_word' id='word_1_127' title='bbox 398 1051 504 1085; x_wconf 88' lang='lat' dir='ltr'>enim</span> <span class='ocrx_word' id='word_1_128' title='bbox 532 1051 616 1084; x_wconf 89' lang='lat' dir='ltr'>istis</span> <span class='ocrx_word' id='word_1_129' title='bbox 643 1062 719 1085; x_wconf 88' lang='lat' dir='ltr'>una</span> <span class='ocrx_word' id='word_1_130' title='bbox 738 1051 860 1085; x_wconf 89' lang='lat' dir='ltr'>virtus</span> <span class='ocrx_word' id='word_1_131' title='bbox 887 1049 1034 1094; x_wconf 88' lang='lat' dir='ltr'>subest,</span> <span class='ocrx_word' id='word_1_132' title='bbox 1055 1062 1154 1098; x_wconf 87' lang='lat' dir='ltr'>quae</span> <span class='ocrx_word' id='word_1_133' title='bbox 1179 1052 1351 1085; x_wconf 80' lang='lat' dir='ltr'>animum</span> 
     </span>
     <span class='ocr_line' id='line_1_19' title="bbox 174 1101 933 1150; baseline 0.001 -14"><span class='ocrx_word' id='word_1_134' title='bbox 174 1106 328 1137; x_wconf 87' lang='lat' dir='ltr'>rectum</span> <span class='ocrx_word' id='word_1_135' title='bbox 348 1107 389 1138; x_wconf 89' lang='lat' dir='ltr'>et</span> <span class='ocrx_word' id='word_1_136' title='bbox 408 1101 728 1138; x_wconf 87' lang='lat' dir='ltr'>indeclinabilem</span> <span class='ocrx_word' id='word_1_137' title='bbox 750 1106 933 1150; x_wconf 83' lang='lat' dir='ltr'>praestat.</span> 
     </span>
    </p>

    <p class='ocr_par' dir='ltr' id='par_1_4' title="bbox 109 1142 1352 1524">
     <span class='ocr_line' id='line_1_20' title="bbox 109 1142 1352 1204; baseline 0.001 -13"><span class='ocrx_word' id='word_1_138' title='bbox 109 1142 156 1178; x_wconf 77' lang='lat'>14</span> <span class='ocrx_word' id='word_1_139' title='bbox 241 1154 386 1200; x_wconf 82' lang='lat' dir='ltr'>“Quid</span> <span class='ocrx_word' id='word_1_140' title='bbox 419 1156 543 1204; x_wconf 85' lang='lat' dir='ltr'>ergo?</span> <span class='ocrx_word' id='word_1_141' title='bbox 614 1155 722 1191; x_wconf 89' lang='lat' dir='ltr'>Nihil</span> <span class='ocrx_word' id='word_1_142' title='bbox 755 1158 921 1191; x_wconf 83' lang='lat' dir='ltr'>interest</span> <span class='ocrx_word' id='word_1_143' title='bbox 954 1158 1059 1191; x_wconf 90' lang='lat' dir='ltr'>inter</span> <span class='ocrx_word' id='word_1_144' title='bbox 1090 1156 1277 1203; x_wconf 90' lang='lat' dir='ltr'>gaudium</span> <span class='ocrx_word' id='word_1_145' title='bbox 1312 1161 1352 1192; x_wconf 90' lang='lat' dir='ltr'>et</span> 
     </span>
     <span class='ocr_line' id='line_1_21' title="bbox 174 1207 1350 1257; baseline 0.001 -13"><span class='ocrx_word' id='word_1_146' title='bbox 174 1207 353 1244; x_wconf 86' lang='lat' dir='ltr'>dolorum</span> <span class='ocrx_word' id='word_1_147' title='bbox 376 1208 630 1245; x_wconf 88' lang='lat' dir='ltr'>inflexibilem</span> <span class='ocrx_word' id='word_1_148' title='bbox 657 1211 888 1257; x_wconf 84' lang='lat' dir='ltr'>patientiam</span> <span class='ocrx_word' id='word_1_149' title='bbox 904 1208 950 1245; x_wconf 88' lang='lat'>?&#39;&#39;</span> <span class='ocrx_word' id='word_1_150' title='bbox 1011 1208 1133 1253; x_wconf 86' lang='lat' dir='ltr'>Nihil,</span> <span class='ocrx_word' id='word_1_151' title='bbox 1159 1214 1350 1257; x_wconf 86' lang='lat' dir='ltr'>quantum</span> 
     </span>
     <span class='ocr_line' id='line_1_22' title="bbox 173 1261 1351 1311; baseline 0.001 -14"><span class='ocrx_word' id='word_1_152' title='bbox 173 1261 223 1297; x_wconf 90' lang='lat' dir='ltr'>ad</span> <span class='ocrx_word' id='word_1_153' title='bbox 260 1264 362 1310; x_wconf 88' lang='lat' dir='ltr'>ipsas</span> <span class='ocrx_word' id='word_1_154' title='bbox 400 1265 590 1305; x_wconf 78' lang='lat' dir='ltr'>virtute33</span> <span class='ocrx_word' id='word_1_155' title='bbox 627 1262 837 1310; x_wconf 87' lang='lat' dir='ltr'>plurimum</span> <span class='ocrx_word' id='word_1_156' title='bbox 875 1264 978 1298; x_wconf 87' lang='lat' dir='ltr'>inter</span> <span class='ocrx_word' id='word_1_157' title='bbox 1015 1261 1095 1306; x_wconf 86' lang='lat' dir='ltr'>illa,</span> <span class='ocrx_word' id='word_1_158' title='bbox 1133 1265 1173 1297; x_wconf 89' lang='lat' dir='ltr'>in</span> <span class='ocrx_word' id='word_1_159' title='bbox 1211 1263 1351 1311; x_wconf 85' lang='lat' dir='ltr'>quibus</span> 
     </span>
     <span class='ocr_line' id='line_1_23' title="bbox 173 1315 1350 1365; baseline 0.001 -15"><span class='ocrx_word' id='word_1_160' title='bbox 173 1317 295 1351; x_wconf 85' lang='lat' dir='ltr'>virtus</span> <span class='ocrx_word' id='word_1_161' title='bbox 325 1320 491 1365; x_wconf 88' lang='lat' dir='ltr'>utraque</span> <span class='ocrx_word' id='word_1_162' title='bbox 517 1315 749 1352; x_wconf 86' lang='lat' dir='ltr'>ostenditur.</span> <span class='ocrx_word' id='word_1_163' title='bbox 809 1315 855 1350; x_wconf 91' lang='lat' dir='ltr'>In</span> <span class='ocrx_word' id='word_1_164' title='bbox 880 1315 1005 1351; x_wconf 87' lang='lat' dir='ltr'>altero</span> <span class='ocrx_word' id='word_1_165' title='bbox 1032 1318 1137 1350; x_wconf 87' lang='lat' dir='ltr'>enim</span> <span class='ocrx_word' id='word_1_166' title='bbox 1164 1316 1350 1351; x_wconf 85' lang='lat' dir='ltr'>naturalis</span> 
     </span>
     <span class='ocr_line' id='line_1_24' title="bbox 173 1368 1349 1413; baseline 0.001 -9"><span class='ocrx_word' id='word_1_167' title='bbox 173 1373 233 1404; x_wconf 90' lang='lat' dir='ltr'>est</span> <span class='ocrx_word' id='word_1_168' title='bbox 253 1371 373 1404; x_wconf 88' lang='lat' dir='ltr'>animi</span> <span class='ocrx_word' id='word_1_169' title='bbox 388 1371 564 1405; x_wconf 86' lang='lat' dir='ltr'>remissio</span> <span class='ocrx_word' id='word_1_170' title='bbox 582 1382 626 1404; x_wconf 88' lang='lat' dir='ltr'>ac</span> <span class='ocrx_word' id='word_1_171' title='bbox 646 1368 798 1413; x_wconf 87' lang='lat' dir='ltr'>laxitas,</span> <span class='ocrx_word' id='word_1_172' title='bbox 812 1371 853 1404; x_wconf 86' lang='lat' dir='ltr'>in</span> <span class='ocrx_word' id='word_1_173' title='bbox 872 1368 996 1404; x_wconf 86' lang='lat' dir='ltr'>altero</span> <span class='ocrx_word' id='word_1_174' title='bbox 1016 1373 1151 1404; x_wconf 88' lang='lat' dir='ltr'>contra</span> <span class='ocrx_word' id='word_1_175' title='bbox 1171 1374 1349 1405; x_wconf 87' lang='lat' dir='ltr'>naturam</span> 
     </span>
     <span class='ocr_line' id='line_1_25' title="bbox 173 1421 1348 1471; baseline 0 -13"><span class='ocrx_word' id='word_1_176' title='bbox 173 1421 293 1458; x_wconf 86' lang='lat' dir='ltr'>dolor.</span> <span class='ocrx_word' id='word_1_177' title='bbox 371 1422 512 1471; x_wconf 84' lang='lat' dir='ltr'>Itaque</span> <span class='ocrx_word' id='word_1_178' title='bbox 550 1421 680 1458; x_wconf 88' lang='lat' dir='ltr'>media</span> <span class='ocrx_word' id='word_1_179' title='bbox 717 1426 809 1458; x_wconf 87' lang='lat' dir='ltr'>sunt</span> <span class='ocrx_word' id='word_1_180' title='bbox 852 1421 961 1466; x_wconf 88' lang='lat' dir='ltr'>haec,</span> <span class='ocrx_word' id='word_1_181' title='bbox 999 1434 1099 1470; x_wconf 89' lang='lat' dir='ltr'>quae</span> <span class='ocrx_word' id='word_1_182' title='bbox 1138 1421 1348 1469; x_wconf 87' lang='lat' dir='ltr'>plurimum</span> 
     </span>
     <span class='ocr_line' id='line_1_26' title="bbox 173 1475 1346 1524; baseline 0.001 -13"><span class='ocrx_word' id='word_1_183' title='bbox 173 1475 370 1511; x_wconf 87' lang='lat' dir='ltr'>intervalli</span> <span class='ocrx_word' id='word_1_184' title='bbox 417 1478 636 1524; x_wconf 82' lang='lat' dir='ltr'>recipiunt3</span> <span class='ocrx_word' id='word_1_185' title='bbox 692 1477 813 1510; x_wconf 86' lang='lat' dir='ltr'>virtus</span> <span class='ocrx_word' id='word_1_186' title='bbox 861 1478 901 1510; x_wconf 89' lang='lat' dir='ltr'>in</span> <span class='ocrx_word' id='word_1_187' title='bbox 948 1479 1114 1523; x_wconf 89' lang='lat' dir='ltr'>utroque</span> <span class='ocrx_word' id='word_1_188' title='bbox 1161 1488 1230 1523; x_wconf 88' lang='lat' dir='ltr'>par</span> <span class='ocrx_word' id='word_1_189' title='bbox 1277 1482 1346 1512; x_wconf 87' lang='lat' dir='ltr'>est.</span> 
     </span>
    </p>

    <p class='ocr_par' dir='ltr' id='par_1_5' title="bbox 107 1528 1348 1576">
     <span class='ocr_line' id='line_1_27' title="bbox 107 1528 1348 1576; baseline -0.002 -8"><span class='ocrx_word' id='word_1_190' title='bbox 107 1533 153 1569; x_wconf 87' lang='lat'>15</span> <span class='ocrx_word' id='word_1_191' title='bbox 172 1528 372 1566; x_wconf 85' lang='lat' dir='ltr'>Virtutem</span> <span class='ocrx_word' id='word_1_192' title='bbox 391 1532 555 1566; x_wconf 88' lang='lat' dir='ltr'>materia</span> <span class='ocrx_word' id='word_1_193' title='bbox 574 1542 653 1564; x_wconf 87' lang='lat' dir='ltr'>non</span> <span class='ocrx_word' id='word_1_194' title='bbox 672 1533 824 1571; x_wconf 84' lang='lat' dir='ltr'>mutat;</span> <span class='ocrx_word' id='word_1_195' title='bbox 852 1541 925 1564; x_wconf 90' lang='lat' dir='ltr'>nec</span> <span class='ocrx_word' id='word_1_196' title='bbox 946 1530 1117 1576; x_wconf 88' lang='lat' dir='ltr'>peiorem</span> <span class='ocrx_word' id='word_1_197' title='bbox 1139 1528 1233 1564; x_wconf 86' lang='lat' dir='ltr'>facit</span> <span class='ocrx_word' id='word_1_198' title='bbox 1253 1528 1348 1565; x_wconf 81' lang='lat' dir='ltr'>dura</span> 
     </span>
    </p>
   </div>
   <div class='ocr_carea' id='block_1_3' title="bbox 395 1612 1117 1656">
    <p class='ocr_par' dir='ltr' id='par_1_6' title="bbox 395 1612 1117 1656">
     <span class='ocr_line' id='line_1_28' title="bbox 395 1612 1117 1656; baseline -0.004 -10"><span class='ocrx_word' id='word_1_199' title='bbox 395 1614 406 1633; x_wconf 85' lang='lat'>¹</span> <span class='ocrx_word' id='word_1_200' title='bbox 430 1619 460 1646; x_wconf 77' lang='lat' dir='ltr'>et</span> <span class='ocrx_word' id='word_1_201' title='bbox 476 1625 620 1656; x_wconf 53' lang='lat' dir='ltr'>magmas</span> <span class='ocrx_word' id='word_1_202' title='bbox 637 1613 739 1646; x_wconf 89' lang='lat' dir='ltr'>MSS.</span> <span class='ocrx_word' id='word_1_203' title='bbox 757 1627 765 1650; x_wconf 87' lang='lat'>;</span> <span class='ocrx_word' id='word_1_204' title='bbox 790 1612 911 1645; x_wconf 86' lang='lat' dir='ltr'>Haase</span> <span class='ocrx_word' id='word_1_205' title='bbox 927 1612 1060 1644; x_wconf 87' lang='lat' dir='ltr'>deletes</span> <span class='ocrx_word' id='word_1_206' title='bbox 1077 1617 1117 1644; x_wconf 71' lang='lat' dir='ltr'>et.</span> 
     </span>
    </p>
   </div>
   <div class='ocr_carea' id='block_1_4' title="bbox 187 1680 1321 1689">
    <p class='ocr_par' dir='ltr' id='par_1_7' title="bbox 187 1680 1321 1689">
     <span class='ocr_line' id='line_1_29' title="bbox 187 1680 1321 1689; baseline 0 0"><span class='ocrx_word' id='word_1_207' title='bbox 187 1680 1321 1689; x_wconf 95' lang='lat' dir='ltr'> </span> 
     </span>
    </p>
   </div>
   <div class='ocr_carea' id='block_1_5' title="bbox 169 1714 1349 2059">
    <p class='ocr_par' dir='ltr' id='par_1_8' title="bbox 169 1714 1349 1923">
     <span class='ocr_line' id='line_1_30' title="bbox 223 1714 1345 1757; baseline -0.002 -9"><span class='ocrx_word' id='word_1_208' title='bbox 223 1723 238 1737; x_wconf 68' lang='grc' dir='ltr'><em>α</em></span> <span class='ocrx_word' id='word_1_209' title='bbox 261 1717 366 1748; x_wconf 74' lang='lat' dir='ltr'>Ratio</span> <span class='ocrx_word' id='word_1_210' title='bbox 382 1716 504 1757; x_wconf 75' lang='grc' dir='ltr'>(λόγος)</span> <span class='ocrx_word' id='word_1_211' title='bbox 520 1718 549 1748; x_wconf 87' lang='lat' dir='ltr'>is</span> <span class='ocrx_word' id='word_1_212' title='bbox 565 1716 639 1748; x_wconf 87' lang='lat' dir='ltr'>also</span> <span class='ocrx_word' id='word_1_213' title='bbox 656 1715 794 1747; x_wconf 86' lang='lat' dir='ltr'>defined</span> <span class='ocrx_word' id='word_1_214' title='bbox 814 1724 852 1746; x_wconf 92' lang='lat' dir='ltr'>as</span> <span class='ocrx_word' id='word_1_215' title='bbox 869 1714 962 1751; x_wconf 91' lang='lat' dir='ltr'>God,</span> <span class='ocrx_word' id='word_1_216' title='bbox 980 1724 1018 1745; x_wconf 89' lang='lat' dir='ltr'>as</span> <span class='ocrx_word' id='word_1_217' title='bbox 1035 1714 1206 1745; x_wconf 85' lang='lat' dir='ltr'>Absolute</span> <span class='ocrx_word' id='word_1_218' title='bbox 1223 1714 1345 1750; x_wconf 77' lang='lat' dir='ltr'>Truth,</span> 
     </span>
     <span class='ocr_line' id='line_1_31' title="bbox 172 1756 1349 1801; baseline -0.003 -9"><span class='ocrx_word' id='word_1_219' title='bbox 172 1759 337 1801; x_wconf 84' lang='lat' dir='ltr'>Destiny,</span> <span class='ocrx_word' id='word_1_220' title='bbox 356 1762 421 1792; x_wconf 81' lang='lat' dir='ltr'>etc.</span> <span class='ocrx_word' id='word_1_221' title='bbox 470 1759 545 1790; x_wconf 89' lang='lat' dir='ltr'>The</span> <span class='ocrx_word' id='word_1_222' title='bbox 561 1769 657 1790; x_wconf 81' lang='lat' dir='ltr'>same</span> <span class='ocrx_word' id='word_1_223' title='bbox 672 1758 751 1790; x_wconf 89' lang='lat' dir='ltr'>idea</span> <span class='ocrx_word' id='word_1_224' title='bbox 766 1759 794 1789; x_wconf 88' lang='lat' dir='ltr'>is</span> <span class='ocrx_word' id='word_1_225' title='bbox 811 1757 951 1788; x_wconf 83' lang='lat' dir='ltr'>evident</span> <span class='ocrx_word' id='word_1_226' title='bbox 973 1759 1007 1788; x_wconf 91' lang='lat' dir='ltr'>in</span> <span class='ocrx_word' id='word_1_227' title='bbox 1029 1756 1089 1788; x_wconf 88' lang='lat' dir='ltr'>the</span> <span class='ocrx_word' id='word_1_228' title='bbox 1112 1756 1292 1789; x_wconf 87' lang='lat' dir='ltr'>definition</span> <span class='ocrx_word' id='word_1_229' title='bbox 1310 1759 1349 1789; x_wconf 88' lang='lat' dir='ltr'>of</span> 
     </span>
     <span class='ocr_line' id='line_1_32' title="bbox 169 1800 1345 1845; baseline -0.001 -11"><span class='ocrx_word' id='word_1_230' title='bbox 169 1803 341 1845; x_wconf 75' lang='lat' dir='ltr'>sapientia</span> <span class='ocrx_word' id='word_1_231' title='bbox 358 1802 431 1841; x_wconf 87' lang='lat' dir='ltr'>(the</span> <span class='ocrx_word' id='word_1_232' title='bbox 454 1802 570 1844; x_wconf 84' lang='lat' dir='ltr'>object</span> <span class='ocrx_word' id='word_1_233' title='bbox 593 1801 633 1833; x_wconf 89' lang='lat' dir='ltr'>of</span> <span class='ocrx_word' id='word_1_234' title='bbox 654 1800 876 1843; x_wconf 91' lang='lat' dir='ltr'>philosophy)</span> <span class='ocrx_word' id='word_1_235' title='bbox 899 1810 937 1831; x_wconf 85' lang='lat' dir='ltr'>as</span> <span class='ocrx_word' id='word_1_236' title='bbox 960 1811 1073 1831; x_wconf 75' lang='lat' dir='ltr'>rernm</span> <span class='ocrx_word' id='word_1_237' title='bbox 1099 1800 1291 1832; x_wconf 73' lang='lat' dir='ltr'>(liz-inarum</span> <span class='ocrx_word' id='word_1_238' title='bbox 1317 1807 1345 1833; x_wconf 77' lang='lat' dir='ltr'>et</span> 
     </span>
     <span class='ocr_line' id='line_1_33' title="bbox 170 1843 1345 1885; baseline -0.002 -8"><span class='ocrx_word' id='word_1_239' title='bbox 170 1846 401 1877; x_wconf 72' lang='lat' dir='ltr'>humanarum</span> <span class='ocrx_word' id='word_1_240' title='bbox 424 1871 431 1877; x_wconf 96' lang='lat'>.</span> <span class='ocrx_word' id='word_1_241' title='bbox 460 1871 467 1878; x_wconf 89' lang='lat'>.</span> <span class='ocrx_word' id='word_1_242' title='bbox 495 1871 502 1878; x_wconf 89' lang='lat'>.</span> <span class='ocrx_word' id='word_1_243' title='bbox 529 1845 668 1876; x_wconf 74' lang='lat' dir='ltr'>scientia</span> <span class='ocrx_word' id='word_1_244' title='bbox 688 1843 771 1883; x_wconf 89' lang='lat' dir='ltr'>(Cic.</span> <span class='ocrx_word' id='word_1_245' title='bbox 799 1843 862 1885; x_wconf 88' lang='lat' dir='ltr'>Off.</span> <span class='ocrx_word' id='word_1_246' title='bbox 883 1844 916 1874; x_wconf 86' lang='lat' dir='ltr'>ii.</span> <span class='ocrx_word' id='word_1_247' title='bbox 942 1845 970 1874; x_wconf 74' lang='lat'>2.</span> <span class='ocrx_word' id='word_1_248' title='bbox 998 1845 1029 1879; x_wconf 85' lang='lat'>5,</span> <span class='ocrx_word' id='word_1_249' title='bbox 1047 1843 1143 1883; x_wconf 66' lang='lat' dir='ltr'>em),</span> <span class='ocrx_word' id='word_1_250' title='bbox 1162 1843 1232 1874; x_wconf 88' lang='lat' dir='ltr'>and</span> <span class='ocrx_word' id='word_1_251' title='bbox 1255 1856 1345 1875; x_wconf 70' lang='lat' dir='ltr'>nosse</span> 
     </span>
     <span class='ocr_line' id='line_1_34' title="bbox 171 1888 910 1923; baseline -0.004 -3"><span class='ocrx_word' id='word_1_252' title='bbox 171 1889 288 1921; x_wconf 71' lang='lat' dir='ltr'>divina</span> <span class='ocrx_word' id='word_1_253' title='bbox 305 1893 335 1920; x_wconf 70' lang='lat' dir='ltr'>et</span> <span class='ocrx_word' id='word_1_254' title='bbox 351 1889 502 1920; x_wconf 72' lang='lat' dir='ltr'>humana</span> <span class='ocrx_word' id='word_1_255' title='bbox 518 1892 547 1920; x_wconf 77' lang='lat' dir='ltr'>et</span> <span class='ocrx_word' id='word_1_256' title='bbox 564 1888 684 1920; x_wconf 76' lang='lat' dir='ltr'>horum</span> <span class='ocrx_word' id='word_1_257' title='bbox 699 1897 827 1923; x_wconf 71' lang='lat' dir='ltr'>causas,</span> <span class='ocrx_word' id='word_1_258' title='bbox 846 1888 910 1918; x_wconf 81' lang='lat' dir='ltr'>etc.</span> 
     </span>
    </p>

    <p class='ocr_par' dir='ltr' id='par_1_9' title="bbox 173 1927 1343 2015">
     <span class='ocr_line' id='line_1_35' title="bbox 223 1927 1343 1973; baseline -0.004 -9"><span class='ocrx_word' id='word_1_259' title='bbox 223 1932 236 1951; x_wconf 61' lang='grc' dir='ltr'><strong>ὃ</strong></span> <span class='ocrx_word' id='word_1_260' title='bbox 259 1931 293 1963; x_wconf 88' lang='grc' dir='ltr'><strong>Α</strong></span> <span class='ocrx_word' id='word_1_261' title='bbox 317 1931 468 1973; x_wconf 91' lang='lat' dir='ltr'>Spanish</span> <span class='ocrx_word' id='word_1_262' title='bbox 492 1932 572 1972; x_wconf 85' lang='lat' dir='ltr'>city,</span> <span class='ocrx_word' id='word_1_263' title='bbox 598 1929 747 1962; x_wconf 88' lang='lat' dir='ltr'>reduced</span> <span class='ocrx_word' id='word_1_264' title='bbox 773 1928 843 1960; x_wconf 89' lang='lat' dir='ltr'>and</span> <span class='ocrx_word' id='word_1_265' title='bbox 867 1927 969 1960; x_wconf 85' lang='lat' dir='ltr'>razed</span> <span class='ocrx_word' id='word_1_266' title='bbox 995 1930 1032 1959; x_wconf 91' lang='lat' dir='ltr'>to</span> <span class='ocrx_word' id='word_1_267' title='bbox 1059 1927 1119 1958; x_wconf 88' lang='lat' dir='ltr'>the</span> <span class='ocrx_word' id='word_1_268' title='bbox 1146 1929 1283 1968; x_wconf 82' lang='lat' dir='ltr'>ground</span> <span class='ocrx_word' id='word_1_269' title='bbox 1311 1931 1343 1960; x_wconf 83' lang='lat' dir='ltr'>in</span> 
     </span>
     <span class='ocr_line' id='line_1_36' title="bbox 173 1970 1269 2015; baseline -0.002 -10"><span class='ocrx_word' id='word_1_270' title='bbox 173 1976 234 2005; x_wconf 83' lang='lat'>133</span> <span class='ocrx_word' id='word_1_271' title='bbox 249 1985 314 2007; x_wconf 66' lang='lat' dir='ltr'>Rc.</span> <span class='ocrx_word' id='word_1_272' title='bbox 335 1975 383 2015; x_wconf 87' lang='lat' dir='ltr'>by</span> <span class='ocrx_word' id='word_1_273' title='bbox 399 1973 516 2015; x_wconf 83' lang='lat' dir='ltr'>Scipio</span> <span class='ocrx_word' id='word_1_274' title='bbox 532 1973 732 2009; x_wconf 83' lang='lat' dir='ltr'>Africanus,</span> <span class='ocrx_word' id='word_1_275' title='bbox 749 1972 809 2003; x_wconf 91' lang='lat' dir='ltr'>the</span> <span class='ocrx_word' id='word_1_276' title='bbox 825 1981 1019 2012; x_wconf 88' lang='lat' dir='ltr'>conqueror</span> <span class='ocrx_word' id='word_1_277' title='bbox 1031 1970 1071 2002; x_wconf 89' lang='lat' dir='ltr'>of</span> <span class='ocrx_word' id='word_1_278' title='bbox 1084 1970 1269 2012; x_wconf 85' lang='lat' dir='ltr'>Carthage.</span> 
     </span>
    </p>

    <p class='ocr_par' dir='ltr' id='par_1_10' title="bbox 224 2013 999 2059">
     <span class='ocr_line' id='line_1_37' title="bbox 224 2013 999 2059; baseline -0.005 -10"><span class='ocrx_word' id='word_1_279' title='bbox 224 2023 236 2038; x_wconf 78' lang='lat'><strong><em>⁶</em></strong></span> <span class='ocrx_word' id='word_1_280' title='bbox 262 2017 314 2059; x_wconf 85' lang='lat' dir='ltr'>C&#39;f.</span> <span class='ocrx_word' id='word_1_281' title='bbox 337 2017 403 2059; x_wconf 80' lang='lat' dir='ltr'>Ep.</span> <span class='ocrx_word' id='word_1_282' title='bbox 423 2018 515 2049; x_wconf 86' lang='lat' dir='ltr'>xxxi.</span> <span class='ocrx_word' id='word_1_283' title='bbox 534 2019 554 2048; x_wconf 76' lang='lat'>4</span> <span class='ocrx_word' id='word_1_284' title='bbox 570 2016 641 2048; x_wconf 87' lang='lat' dir='ltr'>and</span> <span class='ocrx_word' id='word_1_285' title='bbox 655 2016 813 2048; x_wconf 84' lang='lat' dir='ltr'>footnote</span> <span class='ocrx_word' id='word_1_286' title='bbox 830 2013 923 2055; x_wconf 92' lang='lat' dir='ltr'>(Vol.</span> <span class='ocrx_word' id='word_1_287' title='bbox 945 2013 999 2054; x_wconf 77' lang='lat' dir='ltr'>L).</span> 
     </span>
    </p>
   </div>
   <div class='ocr_carea' id='block_1_6' title="bbox 176 2074 222 2105">
    <p class='ocr_par' dir='ltr' id='par_1_11' title="bbox 176 2074 222 2105">
     <span class='ocr_line' id='line_1_38' title="bbox 176 2074 222 2105; baseline 0 0"><span class='ocrx_word' id='word_1_288' title='bbox 176 2074 222 2105; x_wconf 90' lang='lat'>10</span> 
     </span>
    </p>
   </div>
  </div>
 </body>
</html>
