1434 2333
389 116 506 153 THE
536 114 791 154 EPISTLES
822 115 894 153 OF
922 115 1132 153 SENECA

171 210 284 241 tuum
319 207 406 253 quis
440 207 559 239 istum
593 217 731 253 agrum
767 205 929 240 tenuit?
985 203 1117 248 Cuius,
1150 217 1230 240 non
1268 204 1357 240 dico

170 258 352 302 hominis,
390 257 460 294 sed
499 257 634 306 populi
673 256 806 302 fuerit,
841 257 1029 306 expedire
1068 258 1210 306 potes?
1268 258 1359 294 Non

170 311 353 348 dominus
374 313 463 356 isto,
480 311 550 347 Sed
571 311 733 347 colonus
753 313 921 347 intrasti.
980 311 1100 347 Cuius
1116 311 1277 348 colonus
1293 311 1357 348 es?

170 364 211 401 Si
232 365 335 402 bene
355 370 492 401 tecum
515 367 658 414 agitur,
679 364 848 401 heredis.
910 364 1071 415 Negant
1094 365 1358 401 iurisconsulti

169 421 379 468 quicquam
400 432 472 454 usu
494 421 580 467 capi
593 419 605 441 1
622 419 826 468 publicum
841 431 849 462 3
879 418 967 464 hoc,
983 418 1088 468 quod
1108 424 1237 464 tenes,
1253 418 1358 468 quod

169 478 283 509 tuum
304 472 414 518 dicis,
435 472 637 521 publicum
663 477 725 509 est
751 477 792 509 et
816 472 978 521 quidem
1002 475 1159 522 generis
1182 472 1356 509 humani.

100 525 148 562 13
171 526 206 562 O
246 529 449 576 egregiam
479 526 628 562 artem!
688 525 771 563 Scis
803 526 974 563 rotunda
1007 529 1153 571 metiri,
1186 529 1227 562 in
1265 539 1359 576 qua-

169 579 327 616 dratum
347 580 494 629 redigis
515 593 806 630 quamcumque
823 583 1022 629 acceperis
1041 579 1221 625 formam,
1237 582 1359 617 inter-

169 633 271 669 valla
291 633 464 670 siderum
484 634 594 679 dicis,
610 633 710 670 nihil
731 639 804 679 est,
821 634 927 683 quod
942 637 984 670 in
1004 647 1229 670 mensuram
1250 638 1359 670 tuam

169 701 249 723 non
280 687 405 724 cadat.
465 686 505 724 Si
534 687 679 724 artifex
714 701 768 732 es,
798 690 940 724 metire
969 687 1141 724 hominis
1169 690 1357 724 animum.

170 742 246 777 Dic
280 754 398 790 quam
427 754 594 790 magnus
625 744 688 786 sit,
709 741 772 777 dic
799 755 917 791 quam
947 741 1113 790 pusillus
1143 745 1203 778 sit.
1263 741 1359 787 Scis,

169 808 270 844 quae
292 800 400 831 recta
420 798 470 831 sit
491 795 619 838 linea3
648 795 745 845 quid
765 796 837 831 tibi
858 795 1034 844 prodest,
1051 798 1081 832 si
1102 795 1198 845 quid
1219 798 1259 831 in
1279 798 1360 831 vita

169 854 322 885 rectum
344 851 395 885 sit
415 850 601 897 ignoras?

102 898 150 935 14
239 902 365 939 Venio
406 915 512 938 nunc
559 902 609 939 ad
656 902 782 947 illum,
821 905 888 952 qui
936 903 1170 940 caelestium
1218 905 1360 939 notitia

170 956 363 1005 gloriatur
377 970 385 992 :

343 1049 486 1091 Frigida
503 1049 646 1081 Saturni
664 1059 742 1081 sese
759 1060 829 1091 quo
847 1049 949 1081 stella
965 1052 1134 1091 receptet,

343 1092 442 1133 Quos
459 1094 550 1134 ignis
567 1092 654 1125 caeli
672 1092 853 1134 Cyllenius
870 1095 962 1125 erret
978 1094 1013 1125 in
1030 1093 1145 1125 orbes.

172 1179 263 1214 Hoc
302 1181 401 1215 scire
441 1178 537 1228 quid
575 1178 779 1227 proderit?
840 1179 896 1215 Ut
934 1179 1126 1216 sollicitus
1147 1182 1232 1223 sim,
1272 1192 1361 1215 cum

171 1232 364 1269 Saturnus
385 1237 427 1269 et
450 1232 554 1268 Mars
576 1245 624 1268 ex
645 1235 841 1269 contrario
868 1234 1031 1269 stabunt
1055 1238 1123 1269 aut
1144 1246 1233 1269 cum
1256 1233 1361 1269 Mer-

171 1289 301 1322 curius
327 1289 598 1335 vespertinum
625 1285 747 1322 faciet
775 1299 957 1323 occasum
987 1287 1150 1323 vidente
1177 1286 1362 1331 Saturno,

171 1342 302 1388 potius
331 1353 449 1389 quam
479 1339 553 1375 hoc
583 1339 744 1385 discam,
769 1340 1009 1390 ubicumque
1039 1345 1132 1377 sunt
1161 1343 1246 1383 ista,
1274 1353 1362 1389 pro—

103 1401 149 1438 15
171 1396 269 1441 pitia
303 1406 402 1438 esse,
432 1406 511 1429 non
541 1406 655 1442 posse
687 1394 861 1430 mutari?
918 1394 1015 1444 Agit
1048 1394 1115 1430 illa
1149 1397 1360 1430 continuus

171 1447 266 1483 ordo
287 1446 458 1483 fatorum
480 1452 521 1484 et
541 1447 782 1484 inevitabilis
809 1461 954 1484 cursus.
1017 1447 1092 1485 Per
1111 1453 1234 1485 statas
1257 1450 1360 1485 vices

170 1506 351 1537 remeant
381 1506 423 1538 et
452 1500 616 1538 effectus
646 1514 777 1538 rerum
807 1505 984 1538 omnium
1010 1507 1080 1538 aut
1103 1507 1266 1539 movent
1292 1506 1361 1538 aut

224 1584 234 1603 ¹
260 1584 364 1616 After
382 1596 442 1616 usu
461 1584 539 1627 capi
555 1584 616 1616 the
633 1584 721 1617 later
734 1583 838 1617 MSS.
855 1587 935 1627 give
948 1585 1124 1627 publicum
1151 1611 1158 1618 .
1187 1610 1194 1618 .
1223 1611 1230 1618 .
1258 1586 1360 1623 dicim

171 1627 321 1660 omitted
337 1628 386 1669 by
402 1627 500 1660 VPb.

222 1744 237 1757 ‘1
262 1737 331 1774 1’.e.‚
357 1736 411 1769 for
441 1748 462 1768 a
492 1739 625 1769 certain
653 1740 743 1769 term
771 1738 811 1770 of
837 1748 966 1779 years;
989 1748 1048 1770 see
1073 1738 1115 1770 R.
1144 1738 1198 1770 W.
1228 1737 1360 1780 Leage,

169 1782 304 1813 Roman
330 1780 473 1812 Privata
504 1781 597 1817 Late,
624 1792 681 1823 pp.
711 1783 772 1813 133
795 1781 829 1813 ff.
879 1781 1053 1823 Compare
1076 1781 1150 1813 also
1175 1781 1361 1814 Lucretius

168 1826 214 1857 iii.
236 1826 311 1859 971,
329 1823 399 1855 and
418 1823 571 1861 Horace,
590 1824 659 1866 Ep.
680 1825 712 1856 ii.
734 1827 762 1857 2.
787 1827 856 1857 159.

222 1869 234 1887 ὁ
257 1867 391 1908 Vergil,
413 1867 530 1909 Geory.
552 1869 572 1900 i.
592 1869 655 1898 336
673 1868 696 1900 f.

223 1916 234 1930 ⁶
258 1910 388 1942 Saturn
419 1910 491 1942 and
529 1909 625 1942 Mars
658 1921 749 1942 were
787 1910 959 1953 regarded
993 1921 1032 1943 as
1070 1910 1228 1952 unlucky
1255 1913 1357 1943 stars.

172 1953 377 1994 Astrology,
398 1953 510 1985 which
528 1953 629 1985 dates
646 1954 739 1986 back
752 1954 895 1996 beyond
911 1956 995 1985 3000
1011 1965 1075 1987 13.c.
1097 1956 1131 1986 in
1151 1953 1359 1996 Babylonia.

171 2007 242 2028 was
265 1996 459 2038 developed
482 1997 530 2038 by
546 1997 607 2029 the
631 1997 770 2030 Greeks
794 1997 834 2029 of
853 1997 914 2030 the
938 1997 1177 2029 Alexandrian
1201 2008 1268 2039 age
1291 1997 1362 2029 and

169 2042 233 2080 got
249 2050 270 2071 a
282 2039 442 2072 foothold
455 2041 490 2072 in
505 2040 618 2073 Rome
631 2041 680 2083 by
690 2041 751 2073 the
767 2040 898 2074 second
911 2043 1061 2083 century
1075 2052 1155 2078 13.c.‚
1171 2040 1362 2073 flourished

172 2090 249 2129 356
