<?xml version="1.0" encoding="UTF-8"?>
<!DOCTYPE html PUBLIC "-//W3C//DTD XHTML 1.0 Transitional//EN"
    "http://www.w3.org/TR/xhtml1/DTD/xhtml1-transitional.dtd">
<html xmlns="http://www.w3.org/1999/xhtml" xml:lang="en" lang="en">
 <head>
  <title>
</title>
<meta http-equiv="Content-Type" content="text/html;charset=utf-8" />
  <meta name='ocr-system' content='tesseract 3.04.00' />
  <meta name='ocr-capabilities' content='ocr_page ocr_carea ocr_par ocr_line ocrx_word'/>
</head>
<body>
  <div class='ocr_page' id='page_1' title='image "adlucilium02sene_0124.png"; bbox 0 0 1434 2333; ppageno 0'>
   <div class='ocr_carea' id='block_1_1' title="bbox 391 117 1129 156">
    <p class='ocr_par' dir='ltr' id='par_1_1' title="bbox 391 117 1129 156">
     <span class='ocr_line' id='line_1_1' title="bbox 391 117 1129 156; baseline 0.003 -3"><span class='ocrx_word' id='word_1_1' title='bbox 391 117 506 154; x_wconf 93' lang='lat' dir='ltr'>THE</span> <span class='ocrx_word' id='word_1_2' title='bbox 536 118 789 154; x_wconf 89' lang='lat' dir='ltr'>EPISTLES</span> <span class='ocrx_word' id='word_1_3' title='bbox 820 119 890 155; x_wconf 91' lang='lat' dir='ltr'>OF</span> <span class='ocrx_word' id='word_1_4' title='bbox 920 118 1129 156; x_wconf 87' lang='lat' dir='ltr'><strong>SENECA</strong></span> 
     </span>
    </p>
   </div>
   <div class='ocr_carea' id='block_1_2' title="bbox 102 205 1369 1250">
    <p class='ocr_par' dir='ltr' id='par_1_2' title="bbox 102 205 1369 1250">
     <span class='ocr_line' id='line_1_2' title="bbox 165 205 1356 255; baseline 0.002 -13"><span class='ocrx_word' id='word_1_5' title='bbox 165 208 294 254; x_wconf 87' lang='lat' dir='ltr'>ipsum</span> <span class='ocrx_word' id='word_1_6' title='bbox 321 205 384 240; x_wconf 90' lang='lat' dir='ltr'>hic</span> <span class='ocrx_word' id='word_1_7' title='bbox 412 218 512 241; x_wconf 90' lang='lat' dir='ltr'>unus</span> <span class='ocrx_word' id='word_1_8' title='bbox 539 218 630 242; x_wconf 87' lang='lat' dir='ltr'>usus</span> <span class='ocrx_word' id='word_1_9' title='bbox 660 209 848 254; x_wconf 78' lang='lat' dir='ltr'><strong>pertinet,</strong></span> <span class='ocrx_word' id='word_1_10' title='bbox 875 206 982 255; x_wconf 91' lang='lat' dir='ltr'>quod</span> <span class='ocrx_word' id='word_1_11' title='bbox 1009 207 1148 243; x_wconf 88' lang='lat' dir='ltr'>utendi</span> <span class='ocrx_word' id='word_1_12' title='bbox 1174 209 1356 244; x_wconf 89' lang='lat' dir='ltr'>omnibus</span> 
     </span>
     <span class='ocr_line' id='line_1_3' title="bbox 166 265 1356 319; baseline 0.003 -17"><span class='ocrx_word' id='word_1_13' title='bbox 166 280 281 303; x_wconf 86' lang='lat' dir='ltr'>causa</span> <span class='ocrx_word' id='word_1_14' title='bbox 315 271 384 303; x_wconf 89' lang='lat' dir='ltr'>est.</span> <span class='ocrx_word' id='word_1_15' title='bbox 459 265 624 315; x_wconf 83' lang='lat' dir='ltr'>Sapiens</span> <span class='ocrx_word' id='word_1_16' title='bbox 659 272 739 303; x_wconf 88' lang='lat' dir='ltr'>tam</span> <span class='ocrx_word' id='word_1_17' title='bbox 769 280 896 317; x_wconf 91' lang='lat' dir='ltr'>aequo</span> <span class='ocrx_word' id='word_1_18' title='bbox 924 271 1054 304; x_wconf 90' lang='lat' dir='ltr'>animo</span> <span class='ocrx_word' id='word_1_19' title='bbox 1088 272 1219 305; x_wconf 87' lang='lat' dir='ltr'>omnia</span> <span class='ocrx_word' id='word_1_20' title='bbox 1251 270 1356 319; x_wconf 86' lang='lat' dir='ltr'>apud</span> 
     </span>
     <span class='ocr_line' id='line_1_4' title="bbox 166 328 1357 380; baseline 0.004 -16"><span class='ocrx_word' id='word_1_21' title='bbox 166 329 261 365; x_wconf 88' lang='lat' dir='ltr'>alios</span> <span class='ocrx_word' id='word_1_22' title='bbox 296 328 405 365; x_wconf 86' lang='lat' dir='ltr'>videt</span> <span class='ocrx_word' id='word_1_23' title='bbox 438 332 739 379; x_wconf 76' lang='lat' dir='ltr'>contemnitque</span> <span class='ocrx_word' id='word_1_24' title='bbox 773 343 891 379; x_wconf 92' lang='lat' dir='ltr'>quam</span> <span class='ocrx_word' id='word_1_25' title='bbox 922 330 1103 380; x_wconf 88' lang='lat' dir='ltr'>Iuppiter</span> <span class='ocrx_word' id='word_1_26' title='bbox 1133 336 1175 368; x_wconf 92' lang='lat' dir='ltr'>et</span> <span class='ocrx_word' id='word_1_27' title='bbox 1208 331 1283 368; x_wconf 87' lang='lat' dir='ltr'>hoc</span> <span class='ocrx_word' id='word_1_28' title='bbox 1316 345 1357 369; x_wconf 88' lang='lat' dir='ltr'>se</span> 
     </span>
     <span class='ocr_line' id='line_1_5' title="bbox 167 391 1358 443; baseline 0.003 -17"><span class='ocrx_word' id='word_1_29' title='bbox 167 394 293 440; x_wconf 84' lang='lat' dir='ltr'>magis</span> <span class='ocrx_word' id='word_1_30' title='bbox 328 393 504 440; x_wconf 79' lang='lat' dir='ltr'>suspicit,</span> <span class='ocrx_word' id='word_1_31' title='bbox 538 392 644 441; x_wconf 89' lang='lat' dir='ltr'>quod</span> <span class='ocrx_word' id='word_1_32' title='bbox 680 391 862 441; x_wconf 85' lang='lat' dir='ltr'>Iuppiter</span> <span class='ocrx_word' id='word_1_33' title='bbox 895 396 953 429; x_wconf 90' lang='lat' dir='ltr'>uti</span> <span class='ocrx_word' id='word_1_34' title='bbox 987 393 1063 429; x_wconf 86' lang='lat' dir='ltr'>illis</span> <span class='ocrx_word' id='word_1_35' title='bbox 1096 407 1177 430; x_wconf 90' lang='lat' dir='ltr'>non</span> <span class='ocrx_word' id='word_1_36' title='bbox 1211 399 1358 443; x_wconf 86' lang='lat' dir='ltr'>potest,</span> 
     </span>
     <span class='ocr_line' id='line_1_6' title="bbox 102 453 1359 504; baseline 0.001 -13"><span class='ocrx_word' id='word_1_37' title='bbox 102 456 150 493; x_wconf 89' lang='lat'>15</span> <span class='ocrx_word' id='word_1_38' title='bbox 169 457 323 503; x_wconf 90' lang='lat' dir='ltr'>sapiens</span> <span class='ocrx_word' id='word_1_39' title='bbox 339 467 419 489; x_wconf 92' lang='lat' dir='ltr'>non</span> <span class='ocrx_word' id='word_1_40' title='bbox 435 453 530 489; x_wconf 87' lang='lat' dir='ltr'>vult.</span> <span class='ocrx_word' id='word_1_41' title='bbox 582 454 795 490; x_wconf 83' lang='lat' dir='ltr'>Credamus</span> <span class='ocrx_word' id='word_1_42' title='bbox 815 458 950 504; x_wconf 88' lang='lat' dir='ltr'>itaque</span> <span class='ocrx_word' id='word_1_43' title='bbox 972 455 1108 492; x_wconf 85' lang='lat' dir='ltr'>Sextio</span> <span class='ocrx_word' id='word_1_44' title='bbox 1123 459 1359 492; x_wconf 81' lang='lat' dir='ltr'>monstranti</span> 
     </span>
     <span class='ocr_line' id='line_1_7' title="bbox 170 515 1358 565; baseline 0.003 -13"><span class='ocrx_word' id='word_1_45' title='bbox 170 515 480 565; x_wconf 87' lang='lat' dir='ltr'>pulcherrimum</span> <span class='ocrx_word' id='word_1_46' title='bbox 500 519 576 553; x_wconf 89' lang='lat' dir='ltr'>iter</span> <span class='ocrx_word' id='word_1_47' title='bbox 597 521 637 553; x_wconf 91' lang='lat' dir='ltr'>et</span> <span class='ocrx_word' id='word_1_48' title='bbox 665 517 875 553; x_wconf 77' lang='lat' dir='ltr'>clamanti:</span> <span class='ocrx_word' id='word_1_49' title='bbox 906 517 1016 553; x_wconf 83' lang='lat' dir='ltr'>“hac</span> <span class='ocrx_word' id='word_1_50' title='bbox 1037 521 1141 554; x_wconf 86' lang='lat' dir='ltr'>‘itur</span> <span class='ocrx_word' id='word_1_51' title='bbox 1160 518 1210 554; x_wconf 87' lang='lat' dir='ltr'>ad</span> <span class='ocrx_word' id='word_1_52' title='bbox 1229 518 1358 563; x_wconf 85' lang='lat' dir='ltr'>astra,’</span> 
     </span>
     <span class='ocr_line' id='line_1_8' title="bbox 170 578 1361 630; baseline 0.002 -16"><span class='ocrx_word' id='word_1_53' title='bbox 170 578 243 614; x_wconf 87' lang='lat' dir='ltr'>hac</span> <span class='ocrx_word' id='word_1_54' title='bbox 264 578 483 615; x_wconf 90' lang='lat' dir='ltr'>secundum</span> <span class='ocrx_word' id='word_1_55' title='bbox 503 578 789 627; x_wconf 77' lang='lat' dir='ltr'>frugalitatem,</span> <span class='ocrx_word' id='word_1_56' title='bbox 805 579 878 615; x_wconf 88' lang='lat' dir='ltr'>hac</span> <span class='ocrx_word' id='word_1_57' title='bbox 899 580 1118 616; x_wconf 89' lang='lat' dir='ltr'>secundum</span> <span class='ocrx_word' id='word_1_58' title='bbox 1134 585 1361 630; x_wconf 89' lang='lat' dir='ltr'>temperan-</span> 
     </span>
     <span class='ocr_line' id='line_1_9' title="bbox 170 640 951 686; baseline 0.001 -10"><span class='ocrx_word' id='word_1_59' title='bbox 170 644 280 686; x_wconf 89' lang='lat' dir='ltr'>tiam,</span> <span class='ocrx_word' id='word_1_60' title='bbox 300 640 374 676; x_wconf 82' lang='lat' dir='ltr'>hac</span> <span class='ocrx_word' id='word_1_61' title='bbox 395 641 613 677; x_wconf 91' lang='lat' dir='ltr'>secundum</span> <span class='ocrx_word' id='word_1_62' title='bbox 634 641 951 678; x_wconf 87' lang='lat' dir='ltr'>fortitudinem.&#39;’</span> 
     </span>
     <span class='ocr_line' id='line_1_10' title="bbox 239 703 1363 748; baseline 0.003 -10"><span class='ocrx_word' id='word_1_63' title='bbox 239 703 329 739; x_wconf 85' lang='lat' dir='ltr'>Non</span> <span class='ocrx_word' id='word_1_64' title='bbox 358 708 451 740; x_wconf 83' lang='lat' dir='ltr'>sunt</span> <span class='ocrx_word' id='word_1_65' title='bbox 480 703 519 739; x_wconf 92' lang='lat' dir='ltr'>di</span> <span class='ocrx_word' id='word_1_66' title='bbox 549 703 753 748; x_wconf 82' lang='lat' dir='ltr'>fastidiosi,</span> <span class='ocrx_word' id='word_1_67' title='bbox 781 716 858 739; x_wconf 91' lang='lat' dir='ltr'>non</span> <span class='ocrx_word' id='word_1_68' title='bbox 887 704 1009 740; x_wconf 68' lang='lat' dir='ltr'>invidi</span> <span class='ocrx_word' id='word_1_69' title='bbox 1025 717 1034 747; x_wconf 90' lang='lat'>;</span> <span class='ocrx_word' id='word_1_70' title='bbox 1071 704 1292 740; x_wconf 84' lang='lat' dir='ltr'>admittunt</span> <span class='ocrx_word' id='word_1_71' title='bbox 1321 709 1363 741; x_wconf 87' lang='lat' dir='ltr'>et</span> 
     </span>
     <span class='ocr_line' id='line_1_11' title="bbox 104 765 1362 815; baseline 0.002 -15"><span class='ocrx_word' id='word_1_72' title='bbox 104 770 152 807; x_wconf 87' lang='lat'>16</span> <span class='ocrx_word' id='word_1_73' title='bbox 171 765 480 801; x_wconf 81' lang='lat' dir='ltr'>ascendentibus</span> <span class='ocrx_word' id='word_1_74' title='bbox 510 779 669 801; x_wconf 87' lang='lat' dir='ltr'>manum</span> <span class='ocrx_word' id='word_1_75' title='bbox 699 769 916 815; x_wconf 81' lang='lat' dir='ltr'>porrigunt.</span> <span class='ocrx_word' id='word_1_76' title='bbox 978 766 1129 802; x_wconf 78' lang='lat' dir='ltr'>Miraris</span> <span class='ocrx_word' id='word_1_77' title='bbox 1159 766 1362 803; x_wconf 86' lang='lat' dir='ltr'>hominem</span> 
     </span>
     <span class='ocr_line' id='line_1_12' title="bbox 171 827 1364 878; baseline 0.001 -14"><span class='ocrx_word' id='word_1_78' title='bbox 171 827 221 864; x_wconf 85' lang='lat' dir='ltr'>ad</span> <span class='ocrx_word' id='word_1_79' title='bbox 251 827 346 863; x_wconf 90' lang='lat' dir='ltr'>deos</span> <span class='ocrx_word' id='word_1_80' title='bbox 375 829 460 863; x_wconf 86' lang='lat' dir='ltr'>ire?</span> <span class='ocrx_word' id='word_1_81' title='bbox 521 827 630 863; x_wconf 88' lang='lat' dir='ltr'>Deus</span> <span class='ocrx_word' id='word_1_82' title='bbox 659 827 709 864; x_wconf 87' lang='lat' dir='ltr'>ad</span> <span class='ocrx_word' id='word_1_83' title='bbox 743 827 922 864; x_wconf 88' lang='lat' dir='ltr'>homines</span> <span class='ocrx_word' id='word_1_84' title='bbox 956 831 1080 873; x_wconf 89' lang='lat' dir='ltr'>venit,</span> <span class='ocrx_word' id='word_1_85' title='bbox 1108 831 1229 864; x_wconf 88' lang='lat' dir='ltr'>immo</span> <span class='ocrx_word' id='word_1_86' title='bbox 1257 829 1364 878; x_wconf 90' lang='lat' dir='ltr'>quod</span> 
     </span>
     <span class='ocr_line' id='line_1_13' title="bbox 173 889 1365 938; baseline 0 -12"><span class='ocrx_word' id='word_1_87' title='bbox 173 895 234 927; x_wconf 90' lang='lat' dir='ltr'>est</span> <span class='ocrx_word' id='word_1_88' title='bbox 261 892 433 938; x_wconf 84' lang='lat' dir='ltr'>propius,</span> <span class='ocrx_word' id='word_1_89' title='bbox 460 892 501 925; x_wconf 92' lang='lat' dir='ltr'>in</span> <span class='ocrx_word' id='word_1_90' title='bbox 529 889 708 926; x_wconf 89' lang='lat' dir='ltr'>homines</span> <span class='ocrx_word' id='word_1_91' title='bbox 731 893 865 934; x_wconf 84' lang='lat' dir='ltr'>venit3</span> <span class='ocrx_word' id='word_1_92' title='bbox 894 890 1003 926; x_wconf 89' lang='lat' dir='ltr'>nulla</span> <span class='ocrx_word' id='word_1_93' title='bbox 1033 893 1117 926; x_wconf 87' lang='lat' dir='ltr'>sine</span> <span class='ocrx_word' id='word_1_94' title='bbox 1146 890 1222 926; x_wconf 91' lang='lat' dir='ltr'>deo</span> <span class='ocrx_word' id='word_1_95' title='bbox 1252 903 1365 927; x_wconf 90' lang='lat' dir='ltr'>mens</span> 
     </span>
     <span class='ocr_line' id='line_1_14' title="bbox 172 950 1366 1001; baseline 0 -13"><span class='ocrx_word' id='word_1_96' title='bbox 172 953 275 988; x_wconf 88' lang='lat' dir='ltr'>bona</span> <span class='ocrx_word' id='word_1_97' title='bbox 313 956 385 988; x_wconf 88' lang='lat' dir='ltr'>est.</span> <span class='ocrx_word' id='word_1_98' title='bbox 463 950 624 987; x_wconf 86' lang='lat' dir='ltr'>Semina</span> <span class='ocrx_word' id='word_1_99' title='bbox 662 954 702 987; x_wconf 94' lang='lat' dir='ltr'>in</span> <span class='ocrx_word' id='word_1_100' title='bbox 741 952 966 1001; x_wconf 80' lang='lat' dir='ltr'>corporibus</span> <span class='ocrx_word' id='word_1_101' title='bbox 1009 952 1190 988; x_wconf 87' lang='lat' dir='ltr'>humanis</span> <span class='ocrx_word' id='word_1_102' title='bbox 1233 952 1366 988; x_wconf 90' lang='lat' dir='ltr'>divina</span> 
     </span>
     <span class='ocr_line' id='line_1_15' title="bbox 174 1014 1367 1064; baseline 0.001 -14"><span class='ocrx_word' id='word_1_103' title='bbox 174 1015 349 1063; x_wconf 81' lang='lat' dir='ltr'>dispersa</span> <span class='ocrx_word' id='word_1_104' title='bbox 383 1019 489 1058; x_wconf 90' lang='lat' dir='ltr'>sunt,</span> <span class='ocrx_word' id='word_1_105' title='bbox 519 1026 620 1063; x_wconf 84' lang='lat' dir='ltr'>quae</span> <span class='ocrx_word' id='word_1_106' title='bbox 654 1016 684 1049; x_wconf 88' lang='lat' dir='ltr'>si</span> <span class='ocrx_word' id='word_1_107' title='bbox 719 1014 845 1050; x_wconf 90' lang='lat' dir='ltr'>bonus</span> <span class='ocrx_word' id='word_1_108' title='bbox 879 1015 1007 1050; x_wconf 85' lang='lat' dir='ltr'>cultor</span> <span class='ocrx_word' id='word_1_109' title='bbox 1036 1017 1196 1064; x_wconf 79' lang='lat' dir='ltr'>excipit,</span> <span class='ocrx_word' id='word_1_110' title='bbox 1226 1015 1367 1051; x_wconf 84' lang='lat' dir='ltr'>similia</span> 
     </span>
     <span class='ocr_line' id='line_1_16' title="bbox 174 1075 1366 1126; baseline 0.001 -14"><span class='ocrx_word' id='word_1_111' title='bbox 174 1079 316 1126; x_wconf 88' lang='lat' dir='ltr'>origini</span> <span class='ocrx_word' id='word_1_112' title='bbox 351 1075 550 1124; x_wconf 88' lang='lat' dir='ltr'>prodeunt</span> <span class='ocrx_word' id='word_1_113' title='bbox 584 1081 625 1112; x_wconf 87' lang='lat' dir='ltr'>et</span> <span class='ocrx_word' id='word_1_114' title='bbox 659 1079 765 1125; x_wconf 85' lang='lat' dir='ltr'>paria</span> <span class='ocrx_word' id='word_1_115' title='bbox 799 1079 858 1122; x_wconf 89' lang='lat' dir='ltr'>iis,</span> <span class='ocrx_word' id='word_1_116' title='bbox 888 1090 936 1113; x_wconf 84' lang='lat' dir='ltr'>ex</span> <span class='ocrx_word' id='word_1_117' title='bbox 971 1077 1112 1126; x_wconf 92' lang='lat' dir='ltr'>quibus</span> <span class='ocrx_word' id='word_1_118' title='bbox 1142 1082 1228 1113; x_wconf 84' lang='lat' dir='ltr'>orta</span> <span class='ocrx_word' id='word_1_119' title='bbox 1260 1083 1366 1122; x_wconf 88' lang='lat' dir='ltr'>sunt,</span> 
     </span>
     <span class='ocr_line' id='line_1_17' title="bbox 176 1138 1367 1188; baseline 0 -13"><span class='ocrx_word' id='word_1_120' title='bbox 176 1143 367 1187; x_wconf 80' lang='lat' dir='ltr'>surgunt3</span> <span class='ocrx_word' id='word_1_121' title='bbox 410 1140 441 1174; x_wconf 89' lang='lat' dir='ltr'>si</span> <span class='ocrx_word' id='word_1_122' title='bbox 475 1138 612 1183; x_wconf 83' lang='lat' dir='ltr'>malus,</span> <span class='ocrx_word' id='word_1_123' title='bbox 643 1151 723 1173; x_wconf 91' lang='lat' dir='ltr'>non</span> <span class='ocrx_word' id='word_1_124' title='bbox 752 1138 868 1175; x_wconf 87' lang='lat' dir='ltr'>aliter</span> <span class='ocrx_word' id='word_1_125' title='bbox 900 1152 1018 1188; x_wconf 90' lang='lat' dir='ltr'>quam</span> <span class='ocrx_word' id='word_1_126' title='bbox 1052 1138 1194 1175; x_wconf 88' lang='lat' dir='ltr'>humus</span> <span class='ocrx_word' id='word_1_127' title='bbox 1224 1139 1367 1176; x_wconf 87' lang='lat' dir='ltr'>sterilis</span> 
     </span>
     <span class='ocr_line' id='line_1_18' title="bbox 175 1199 1369 1250; baseline 0.002 -15"><span class='ocrx_word' id='word_1_128' title='bbox 175 1214 220 1236; x_wconf 86' lang='lat' dir='ltr'>ac</span> <span class='ocrx_word' id='word_1_129' title='bbox 254 1200 438 1249; x_wconf 87' lang='lat' dir='ltr'>palustris</span> <span class='ocrx_word' id='word_1_130' title='bbox 466 1205 584 1236; x_wconf 90' lang='lat' dir='ltr'>necat</span> <span class='ocrx_word' id='word_1_131' title='bbox 617 1213 661 1236; x_wconf 86' lang='lat' dir='ltr'>ac</span> <span class='ocrx_word' id='word_1_132' title='bbox 691 1199 837 1236; x_wconf 89' lang='lat' dir='ltr'>deinde</span> <span class='ocrx_word' id='word_1_133' title='bbox 867 1206 974 1237; x_wconf 85' lang='lat' dir='ltr'>creat</span> <span class='ocrx_word' id='word_1_134' title='bbox 1007 1206 1269 1250; x_wconf 83' lang='lat' dir='ltr'>purgamenta</span> <span class='ocrx_word' id='word_1_135' title='bbox 1299 1214 1369 1250; x_wconf 93' lang='lat' dir='ltr'>pro</span> 
     </span>
    </p>
   </div>
   <div class='ocr_carea' id='block_1_3' title="bbox 177 1261 544 1312">
    <p class='ocr_par' dir='ltr' id='par_1_3' title="bbox 177 1261 544 1312">
     <span class='ocr_line' id='line_1_19' title="bbox 177 1261 544 1312; baseline -0.003 -14"><span class='ocrx_word' id='word_1_136' title='bbox 177 1262 367 1312; x_wconf 85' lang='lat' dir='ltr'>frugibus.</span> <span class='ocrx_word' id='word_1_137' title='bbox 426 1261 544 1298; x_wconf 77' lang='lat' dir='ltr'><strong>VALE.</strong></span> 
     </span>
    </p>
   </div>
   <div class='ocr_carea' id='block_1_4' title="bbox 459 1430 1094 1587">
    <p class='ocr_par' dir='ltr' id='par_1_4' title="bbox 459 1430 1094 1587">
     <span class='ocr_line' id='line_1_20' title="bbox 686 1430 866 1467; baseline 0 0"><span class='ocrx_word' id='word_1_138' title='bbox 686 1430 866 1467; x_wconf 87' lang='lat' dir='ltr'>LXXIV.</span> 
     </span>
     <span class='ocr_line' id='line_1_21' title="bbox 459 1550 1094 1587; baseline 0 -1"><span class='ocrx_word' id='word_1_139' title='bbox 459 1550 609 1587; x_wconf 74' lang='lat' dir='ltr'>SENECA</span> <span class='ocrx_word' id='word_1_140' title='bbox 642 1550 799 1587; x_wconf 73' lang='lat' dir='ltr'>chmo</span> <span class='ocrx_word' id='word_1_141' title='bbox 828 1563 894 1586; x_wconf 90' lang='lat' dir='ltr'>svo</span> <span class='ocrx_word' id='word_1_142' title='bbox 924 1563 1094 1586; x_wconf 77' lang='lat' dir='ltr'>SALVTEM</span> 
     </span>
    </p>
   </div>
   <div class='ocr_carea' id='block_1_5' title="bbox 142 1653 1374 1823">
    <p class='ocr_par' dir='ltr' id='par_1_5' title="bbox 142 1653 1374 1823">
     <span class='ocr_line' id='line_1_22' title="bbox 142 1653 1374 1704; baseline -0.002 -14"><span class='ocrx_word' id='word_1_143' title='bbox 142 1657 160 1694; x_wconf 93' lang='lat'>1</span> <span class='ocrx_word' id='word_1_144' title='bbox 249 1653 431 1704; x_wconf 85' lang='lat' dir='ltr'>Epistula</span> <span class='ocrx_word' id='word_1_145' title='bbox 450 1658 519 1689; x_wconf 90' lang='lat' dir='ltr'>tua</span> <span class='ocrx_word' id='word_1_146' title='bbox 535 1653 751 1690; x_wconf 86' lang='lat' dir='ltr'>delectavit</span> <span class='ocrx_word' id='word_1_147' title='bbox 770 1665 833 1689; x_wconf 90' lang='lat' dir='ltr'>me</span> <span class='ocrx_word' id='word_1_148' title='bbox 851 1657 892 1689; x_wconf 85' lang='lat' dir='ltr'>et</span> <span class='ocrx_word' id='word_1_149' title='bbox 912 1657 1155 1689; x_wconf 86' lang='lat' dir='ltr'>marcentem</span> <span class='ocrx_word' id='word_1_150' title='bbox 1173 1655 1374 1698; x_wconf 81' lang='lat' dir='ltr'>excitavit,</span> 
     </span>
     <span class='ocr_line' id='line_1_23' title="bbox 182 1715 1374 1765; baseline -0.003 -11"><span class='ocrx_word' id='word_1_151' title='bbox 182 1719 412 1754; x_wconf 88' lang='lat' dir='ltr'>memoriam</span> <span class='ocrx_word' id='word_1_152' title='bbox 442 1729 599 1765; x_wconf 90' lang='lat' dir='ltr'>quoque</span> <span class='ocrx_word' id='word_1_153' title='bbox 630 1729 771 1760; x_wconf 85' lang='lat' dir='ltr'>meam,</span> <span class='ocrx_word' id='word_1_154' title='bbox 801 1728 902 1764; x_wconf 85' lang='lat' dir='ltr'>quae</span> <span class='ocrx_word' id='word_1_155' title='bbox 931 1718 1009 1751; x_wconf 93' lang='lat' dir='ltr'>iam</span> <span class='ocrx_word' id='word_1_156' title='bbox 1038 1715 1134 1751; x_wconf 86' lang='lat' dir='ltr'>mihi</span> <span class='ocrx_word' id='word_1_157' title='bbox 1169 1718 1301 1764; x_wconf 88' lang='lat' dir='ltr'>segnis</span> <span class='ocrx_word' id='word_1_158' title='bbox 1330 1729 1374 1751; x_wconf 91' lang='lat' dir='ltr'>ac</span> 
     </span>
     <span class='ocr_line' id='line_1_24' title="bbox 182 1780 595 1823; baseline -0.007 -7"><span class='ocrx_word' id='word_1_159' title='bbox 182 1780 293 1816; x_wconf 87' lang='lat' dir='ltr'>lenta</span> <span class='ocrx_word' id='word_1_160' title='bbox 313 1783 383 1823; x_wconf 89' lang='lat' dir='ltr'>est,</span> <span class='ocrx_word' id='word_1_161' title='bbox 407 1781 595 1814; x_wconf 86' lang='lat' dir='ltr'>evocavit.</span> 
     </span>
    </p>
   </div>
   <div class='ocr_carea' id='block_1_6' title="bbox 251 1840 1376 1887">
    <p class='ocr_par' dir='ltr' id='par_1_6' title="bbox 251 1840 1376 1887">
     <span class='ocr_line' id='line_1_25' title="bbox 251 1840 1376 1887; baseline -0.002 -10"><span class='ocrx_word' id='word_1_162' title='bbox 251 1840 402 1886; x_wconf 85' lang='lat' dir='ltr'>Quidni</span> <span class='ocrx_word' id='word_1_163' title='bbox 416 1846 472 1885; x_wconf 88' lang='lat' dir='ltr'>tu,</span> <span class='ocrx_word' id='word_1_164' title='bbox 487 1843 540 1876; x_wconf 91' lang='lat' dir='ltr'>mi</span> <span class='ocrx_word' id='word_1_165' title='bbox 555 1840 695 1885; x_wconf 90' lang='lat' dir='ltr'>Lucili,</span> <span class='ocrx_word' id='word_1_166' title='bbox 708 1842 922 1875; x_wconf 83' lang='lat' dir='ltr'>maximum</span> <span class='ocrx_word' id='word_1_167' title='bbox 936 1844 1052 1887; x_wconf 87' lang='lat' dir='ltr'>putes</span> <span class='ocrx_word' id='word_1_168' title='bbox 1066 1842 1376 1876; x_wconf 83' lang='lat' dir='ltr'>instrumentum</span> 
     </span>
    </p>
   </div>
   <div class='ocr_carea' id='block_1_7' title="bbox 236 1935 731 1977">
    <p class='ocr_par' dir='ltr' id='par_1_7' title="bbox 236 1935 731 1977">
     <span class='ocr_line' id='line_1_26' title="bbox 236 1935 731 1977; baseline -0.002 -10"><span class='ocrx_word' id='word_1_169' title='bbox 236 1943 250 1956; x_wconf 68' lang='grc' dir='ltr'><em>α</em></span> <span class='ocrx_word' id='word_1_170' title='bbox 275 1935 410 1977; x_wconf 86' lang='lat' dir='ltr'>Vergil,</span> <span class='ocrx_word' id='word_1_171' title='bbox 429 1935 574 1970; x_wconf 71' lang='lat' dir='ltr'>Aenm&#39;d,</span> <span class='ocrx_word' id='word_1_172' title='bbox 594 1935 638 1966; x_wconf 88' lang='lat' dir='ltr'>ix.</span> <span class='ocrx_word' id='word_1_173' title='bbox 659 1936 731 1966; x_wconf 69' lang='lat'>641.</span> 
     </span>
    </p>
   </div>
   <div class='ocr_carea' id='block_1_8' title="bbox 186 1976 1375 2054">
    <p class='ocr_par' dir='ltr' id='par_1_8' title="bbox 186 1976 1375 2054">
     <span class='ocr_line' id='line_1_27' title="bbox 239 1976 1375 2021; baseline -0.002 -11"><span class='ocrx_word' id='word_1_174' title='bbox 239 1980 251 1999; x_wconf 76' lang='lat'>²³</span> <span class='ocrx_word' id='word_1_175' title='bbox 277 1978 330 2021; x_wconf 81' lang='lat' dir='ltr'>Cf.</span> <span class='ocrx_word' id='word_1_176' title='bbox 365 1978 433 2020; x_wconf 74' lang='lat' dir='ltr'>Ep.</span> <span class='ocrx_word' id='word_1_177' title='bbox 468 1978 525 2009; x_wconf 87' lang='lat' dir='ltr'>xli.</span> <span class='ocrx_word' id='word_1_178' title='bbox 559 1981 594 2016; x_wconf 63' lang='grc' dir='ltr'>ἓξ</span> <span class='ocrx_word' id='word_1_179' title='bbox 627 1979 641 2008; x_wconf 93' lang='grc'>1</span> <span class='ocrx_word' id='word_1_180' title='bbox 671 1976 696 2009; x_wconf 88' lang='lat' dir='ltr'>f.</span> <span class='ocrx_word' id='word_1_181' title='bbox 726 1987 837 2018; x_wconf 72' lang='lat' dir='ltr'>prope</span> <span class='ocrx_word' id='word_1_182' title='bbox 868 1980 914 2007; x_wconf 70' lang='lat' dir='ltr'>est</span> <span class='ocrx_word' id='word_1_183' title='bbox 945 1987 967 2007; x_wconf 80' lang='grc' dir='ltr'><em>α</em></span> <span class='ocrx_word' id='word_1_184' title='bbox 998 1980 1028 2007; x_wconf 78' lang='lat' dir='ltr'>te</span> <span class='ocrx_word' id='word_1_185' title='bbox 1058 1976 1152 2013; x_wconf 76' lang='lat' dir='ltr'>(Zeus,</span> <span class='ocrx_word' id='word_1_186' title='bbox 1182 1980 1288 2008; x_wconf 74' lang='lat' dir='ltr'>tecum</span> <span class='ocrx_word' id='word_1_187' title='bbox 1316 1981 1375 2013; x_wconf 76' lang='lat' dir='ltr'>est,</span> 
     </span>
     <span class='ocr_line' id='line_1_28' title="bbox 186 2022 351 2054; baseline 0 -1"><span class='ocrx_word' id='word_1_188' title='bbox 186 2022 279 2054; x_wconf 69' lang='lat' dir='ltr'>intus</span> <span class='ocrx_word' id='word_1_189' title='bbox 294 2026 351 2054; x_wconf 74' lang='lat' dir='ltr'>est.</span> 
     </span>
    </p>
   </div>
   <div class='ocr_carea' id='block_1_9' title="bbox 191 2079 264 2110">
    <p class='ocr_par' dir='ltr' id='par_1_9' title="bbox 191 2079 264 2110">
     <span class='ocr_line' id='line_1_29' title="bbox 191 2079 264 2110; baseline 0 0"><span class='ocrx_word' id='word_1_190' title='bbox 191 2079 264 2110; x_wconf 69' lang='lat'>112</span> 
     </span>
    </p>
   </div>
  </div>
 </body>
</html>
