1434 2333
419 110 536 147 THE
565 109 820 146 EPISTLES
851 109 922 146 OF
951 108 1163 147 SENECA

202 198 418 236 dolentiam
433 210 649 247 numquam
662 197 810 234 bonum
824 197 972 242 dicam3
988 197 1110 234 habet
1122 198 1230 235 illam
1243 198 1390 244 cicada,

202 251 324 288 habet
344 251 474 300 pulex.
536 251 571 287 N
575 264 596 287 e
617 253 795 300 quietem
816 251 978 301 quidem
995 256 1036 288 et
1051 251 1234 289 molestia
1252 265 1389 288 vacare

202 306 350 341 bonum
389 304 541 348 dicam3
584 304 680 354 quid
710 309 771 341 est
799 307 962 341 otiosius
990 307 1154 342 verme?
1209 304 1389 351 Quaeris,

203 371 303 408 quae
319 371 381 395 res
397 361 619 407 sapientem
633 357 752 394 faciat
767 360 780 394 ?
828 357 941 404 Quae
957 358 1087 396 deum.
1133 358 1215 396 Des
1232 364 1390 408 oportet

201 412 258 447 illi
288 411 466 448 divinum
495 412 658 461 aliquid,
689 411 875 457 caeleste,
904 413 1168 462 magnificum.
1230 413 1318 449 Non
1348 415 1389 449 in

202 478 338 502 omnes
359 465 506 502 bonum
528 465 634 502 cadit
654 478 728 502 nec
749 465 971 515 quemlibet
997 479 1260 515 possessorem
1288 469 1389 516 pati-

131 516 180 553 20
201 523 275 555 tur.
334 519 435 556 Vide

286 613 333 646 Et
349 613 434 656 quid
451 625 611 656 quaeque
628 614 719 646 ferat
735 615 831 656 regio
848 616 884 646 et
900 614 985 656 quid
1001 624 1163 656 quaeque
1180 616 1319 647 recuset
1335 628 1343 646 ι

287 657 358 689 Hic
375 660 527 698 segetes,
546 657 615 689 illic
633 658 779 689 veniunt
796 657 932 690 felicius
950 668 1050 690 uvae.

286 700 435 732 Arborei
453 701 546 732 fetus
563 700 645 732 alibi
661 704 769 742 atque
786 702 919 732 iniussa
935 702 1114 732 virescunt

286 743 467 776 Gramina.
518 743 646 775 Nonne
662 744 770 782 vides,
791 754 932 776 croceos
950 746 988 775 ut
1005 743 1148 775 Tmolus
1165 743 1303 779 odores,

287 786 389 818 India
405 788 527 818 mittat
542 786 641 823 ebur,
659 786 781 819 molles
799 797 862 819 sua
879 789 957 819 tura
974 786 1125 819 Sabaei?

285 830 335 862 At
352 829 530 872 Chalybes
547 829 632 861 nudi
650 829 792 862 ferrum.

131 912 174 949 21
204 916 281 953 Ista
329 919 369 952 in
417 919 600 965 regiones
647 916 834 965 discripta
883 921 988 960 sunt,
1034 921 1078 952 ut
1125 918 1389 953 necessarium

129 1291 176 1327 22

199 969 430 1006 mortalibus
461 974 566 1006 esset
586 972 691 1006 inter
714 972 818 1019 ipsos
838 972 1131 1015 commercium,
1161 972 1192 1006 si
1221 972 1390 1006 invicem

199 1023 297 1060 alius
317 1023 467 1073 aliquid
487 1024 536 1059 ab
562 1023 638 1059 alio
658 1028 827 1072 peteret.
888 1023 1094 1060 Summum
1123 1023 1222 1059 illud
1243 1024 1391 1060 bonum

200 1077 322 1114 habet
363 1082 404 1113 et
442 1080 571 1126 ipsum
605 1090 714 1113 suam
753 1077 901 1114 sedem.
962 1077 1051 1113 Non
1098 1080 1285 1122 nascitur,
1323 1078 1391 1113 ubi

199 1131 309 1176 ebur,
339 1144 413 1167 nec
442 1131 510 1167 ubi
539 1130 696 1167 ferrum.
757 1131 856 1177 Quis
886 1133 936 1167 sit
974 1133 1117 1167 summi
1155 1131 1248 1167 boni
1281 1131 1390 1167 locus

199 1185 382 1233 quaeris?
439 1184 617 1222 Animus.
678 1185 758 1221 Hic
796 1187 869 1221 nisi
900 1197 1019 1233 purus
1052 1198 1097 1221 ac
1129 1190 1287 1221 sanctus
1317 1189 1391 1230 est,

198 1238 318 1274 deum
339 1251 418 1273 non
440 1241 556 1287 capit.

265 1291 456 1327 “Bonum
483 1304 530 1327 ex
557 1291 661 1327 malo
687 1304 767 1327 non
788 1291 841 1328 fit.
902 1291 1075 1328 Divitiae
1101 1291 1201 1328 fiunt
1227 1292 1390 1329 auteml

200 1358 248 1381 ex
268 1347 440 1381 avaritia.
500 1345 674 1381 Divitiae
695 1358 790 1394 ergo
810 1358 890 1381 non
907 1350 1000 1381 sunt
1014 1345 1200 1381 bonum.''
1260 1349 1285 1366 “
1300 1345 1390 1382 Non

199 1398 298 1444 est,”
321 1401 465 1447 inquit,
487 1402 510 1418 ‘⁶'
524 1411 673 1443 verum,
689 1399 836 1435 bonum
859 1412 907 1435 ex
928 1399 1031 1435 malo
1052 1412 1131 1435 non
1152 1401 1270 1435 nasci.
1329 1399 1389 1435 Ex

198 1452 405 1501 sacrilegio
444 1455 550 1488 enim
589 1457 629 1489 et
660 1451 767 1489 furto
797 1455 964 1501 pecunia
1004 1455 1188 1489 nascitur.
1250 1452 1389 1503 Itaque

198 1506 346 1542 malum
375 1505 538 1555 quidem
565 1511 626 1542 est
653 1505 903 1555 sacrilegium
930 1511 973 1542 et
999 1506 1162 1551 furtum,
1189 1506 1255 1543 sed
1285 1506 1388 1552 ideo,

199 1562 289 1609 quia
311 1559 423 1608 plura
444 1559 545 1595 mala
567 1559 662 1596 facit
681 1572 799 1609 quam
820 1560 932 1595 bona.
994 1559 1075 1596 Dat
1096 1563 1202 1597 enim
1223 1560 1388 1606 lucrum,

199 1613 268 1650 sed
298 1626 387 1649 cum
417 1618 541 1658 metu,
572 1613 854 1658 sollicitudine,
884 1616 1094 1650 tormentis
1124 1619 1164 1650 et
1199 1617 1318 1650 animi
1348 1619 1390 1650 et

128 1663 176 1700 23
198 1666 407 1716 corporis.”
467 1666 655 1716 Quisquis
693 1667 767 1702 hoc
802 1667 911 1712 dicit,
941 1680 1104 1704 necesse
1134 1673 1195 1704 est
1223 1670 1389 1717 recipiat

250 1768 259 1787 ¹
285 1768 424 1801 (ἶίυῐΐὶαθ
439 1770 535 1810 fiunt
551 1773 663 1801 aulem
688 1768 842 1805 Gemoll:
866 1769 1005 1802 (licitiae
1016 1771 1122 1812 ficmt.
1163 1771 1259 1812 fiunt
1277 1775 1388 1802 autem

198 1810 300 1844 MSS.

469 1946 483 1959 α
511 1938 562 1981 Of.
583 1939 644 1971 the
661 1941 848 1981 argument
864 1941 899 1971 in
916 1940 1018 1972 lxxvi.
1042 1943 1060 1971 9
1078 1940 1100 1972 f.

335 1983 347 2002 ὁ
374 1983 441 2019 Le„
460 1982 595 2024 perfect
611 1993 736 2014 reason
753 1982 825 2014 and
840 1982 1032 2015 obedience
1049 1986 1085 2015 to
1104 1983 1249 2016 Nature.

539 2032 570 2068 f*
593 2026 724 2067 Vergil,
747 2025 863 2068 Gom-9.
885 2027 905 2058 i.
926 2028 967 2058 53
983 2027 1018 2059 ff.

201 2080 277 2113 334
