1434 2333
366 94 481 131 THE
511 92 764 130 EPISTLES
795 92 865 129 OF
895 92 1104 129 SENECA

677 348 799 385 LXX.

415 451 569 489 SENECA
598 451 757 488 chmo
787 464 854 487 svo
883 462 1057 487 SALVTEM

109 559 125 593 l
230 555 323 592 Post
342 556 506 605 longum
526 556 780 593 intervallum
803 555 1009 604 Pompeios
1030 560 1119 591 tuos
1139 554 1230 590 vidi.
1291 553 1338 589 In

148 620 405 664 conspectum
423 615 718 652 adulescentiae
735 628 847 652 meae
863 616 1051 653 reductus
1067 627 1163 650 sum.
1218 612 1338 658 Quic-

148 674 244 723 quid
270 673 351 710 illic
371 677 524 711 iuvenis
544 674 728 720 feceram,
749 675 911 711 videbar
935 674 1033 711 mihi
1060 672 1189 709 facere
1209 671 1339 708 adhuc

110 735 132 770 2
149 745 263 782 posse
285 737 326 769 et
347 732 463 782 paulo
479 738 573 770 ante
590 733 740 771 fecisse.
802 733 1183 783 Praenavigavimus,
1200 729 1340 776 Lucili,

149 794 272 827 vitam
306 797 348 828 et
385 792 719 841 quemadmodum
754 795 795 828 in
828 796 939 839 mari,
968 797 1013 829 ut
1051 794 1105 828 ait
1143 789 1341 839 Vergilius

151 856 299 895 noster,

462 944 660 988 Terraeque
677 946 853 988 urbesque
869 945 1051 982 recedunt,

155 1034 208 1066 sic
222 1033 263 1066 in
276 1030 350 1067 hoc
364 1044 476 1067 cursu
494 1031 728 1080 rapidissimi
744 1036 933 1082 temporis
949 1036 1119 1081 primum
1135 1033 1345 1080 pueritiam

155 1090 445 1134 abscondimus,
465 1089 612 1126 deinde
633 1090 958 1136 adulescentiam,
979 1090 1126 1127 deinde
1153 1087 1347 1139 quidquid

158 1153 219 1185 est
234 1148 333 1184 illud
348 1151 454 1185 inter
468 1151 653 1186 iuvenem
671 1155 711 1187 et
728 1163 866 1187 senem
881 1150 1072 1195 medium,
1085 1153 1125 1185 in
1142 1152 1346 1198 utriusque

159 1207 327 1243 confinio
365 1211 551 1256 positum,
586 1208 732 1245 deinde
766 1212 887 1258 ipsius
926 1211 1144 1246 senectutis
1177 1211 1347 1257 optimos

160 1279 293 1302 annos.
370 1266 592 1303 Novissime
639 1270 781 1317 incipit
828 1268 986 1305 ostendi
1034 1267 1214 1317 publicus
1262 1266 1348 1303 finis

121 1327 142 1362 3
161 1328 318 1375 generis
364 1325 538 1362 humani.
610 1326 825 1376 Scopulum
873 1340 957 1364 esse
1004 1327 1117 1363 illum
1164 1331 1350 1375 putamus

162 1384 450 1420 dementissimi
465 1397 473 1428 ;
504 1390 639 1433 portus
667 1391 740 1430 est,
766 1386 978 1435 aliquando
1005 1385 1216 1434 petendus,
1236 1397 1350 1420 num-

163 1456 281 1492 quam
302 1443 556 1489 recusandus,
576 1446 617 1480 in
637 1457 756 1493 quem
777 1447 808 1481 si
832 1448 919 1494 quis
940 1447 1043 1481 intra
1064 1447 1208 1494 primos
1228 1456 1350 1480 annos

164 1501 321 1538 delatus
356 1507 429 1547 est,
459 1515 540 1538 non
574 1506 699 1552 magis
733 1506 844 1553 queri
878 1504 1001 1540 debet
1031 1516 1148 1553 quam
1177 1506 1243 1552 qui
1274 1505 1352 1538 cito

164 1563 375 1610 navigavit.
435 1561 571 1597 Alium
592 1565 710 1607 enim,
732 1568 777 1598 ut
806 1565 892 1608 scis,
913 1565 1024 1599 venti
1047 1575 1189 1611 segnes
1209 1561 1354 1597 ludunt

163 1633 209 1655 ac
225 1619 412 1656 detinent
426 1625 467 1656 et
480 1620 778 1670 tranquillitatis
792 1621 1034 1658 lentissimae
1049 1621 1181 1658 taedio
1193 1620 1355 1664 lassant,

165 1678 285 1715 alium
306 1681 490 1727 pertinax
509 1678 623 1716 flatus
644 1679 849 1717 celerrime
870 1680 1030 1729 perfert.

125 1740 147 1775 4
235 1736 348 1774 Idem
383 1740 541 1774 evenire
575 1739 688 1775 nobis
719 1744 839 1788 puta3
877 1739 972 1775 alios
1002 1742 1082 1776 vita
1111 1739 1355 1776 velocissime

167 1796 348 1841 adduxit,
383 1809 460 1846 quo
499 1797 739 1834 veniendum
779 1802 863 1834 erat
901 1801 1021 1835 etiam
1061 1797 1355 1842 cunctantibus,

168 1854 262 1891 alios
283 1858 495 1891 maceravit
526 1861 566 1892 et
597 1859 712 1893 coxit.
773 1855 898 1902 Quae,
920 1862 964 1893 ut
994 1860 1081 1903 scis,
1101 1870 1180 1893 non
1201 1868 1357 1905 semper

391 1958 404 1971 ‘¹
431 1951 607 1993 Probably
623 1952 683 1984 the
700 1952 895 1994 birthplace
911 1953 951 1985 of
966 1953 1143 1985 Lucilius:

608 1996 620 2014 ὓ
643 1996 790 2032 Aeneid,
809 1997 854 2028 iii.
876 1998 925 2028 72.

172 2046 222 2085 56
