1434 2333
382 120 498 157 THE
527 119 781 157 EPISTLES
811 119 882 156 OF
911 118 1121 156 SENECA

91 208 139 246 10
226 207 273 244 In
302 207 490 243 fabellam
519 209 670 243 excessi
698 219 779 242 non
808 209 1006 255 ingratam
1038 207 1122 243 tibi.
1181 207 1345 243 Exitum

158 281 265 315 enim
285 280 400 313 amici
421 279 480 314 tui
496 289 710 326 cognosces
729 290 811 313 non
830 276 1031 314 difficilem
1050 290 1125 314 nec
1145 280 1343 315 miserum.

158 347 347 395 Quamvis
368 351 473 385 enim
494 352 665 385 mortem
686 348 759 384 sibi
780 350 1027 393 consciverit,
1048 352 1184 384 tamen
1200 348 1346 384 mollis-

156 422 255 457 sime
285 421 455 456 excessit
489 424 531 456 et
560 421 640 456 vita
669 418 825 468 elapsus
854 423 926 456 est.
997 417 1076 455 Sed
1110 432 1161 456 ne
1194 418 1346 455 inutilis

157 489 318 539 quidem
367 489 466 526 haec
513 488 661 525 fabella
708 488 838 526 fuerit.
922 488 1051 538 Saepe
1099 492 1205 526 enim
1254 489 1348 525 talia

157 560 341 610 exempla
356 562 572 597 necessitas
588 562 724 609 exigit.
784 558 912 609 Saepe
936 559 1129 596 debemus
1152 562 1252 596 mori
1272 572 1347 596 nec

90 630 133 667 11
157 631 349 676 volumus,
365 633 553 667 morimur
568 643 642 668 nec
659 630 849 668 volumus.
899 631 1029 668 Nemo
1044 636 1127 668 tam
1140 633 1347 680 imperitus

156 707 231 747 est,
260 707 306 739 ut
334 704 485 738 nesciat
514 701 753 751 quandoque
782 700 1057 744 moriendum3
1091 707 1227 738 tamen
1257 714 1346 738 cum

156 785 279 821 prope
306 774 485 816 accessit,
510 774 807 820 tergiversatur,
830 774 981 817 tremit,
1002 771 1141 820 plorat.
1202 771 1346 808 Nonne

155 843 229 880 tibi
259 842 460 879 videbitur
488 842 744 878 stultissimus
772 845 962 887 omnium,
992 845 1059 892 qui
1088 841 1210 888 flevit,
1239 842 1346 892 quod

155 918 249 950 ante
279 925 403 949 annos
432 912 541 949 mille
570 925 651 948 non
680 913 860 949 vixerat?
917 913 1058 962 Aeque
1093 912 1239 949 stultus
1273 917 1346 958 est,

156 986 223 1034 qui
255 982 336 1028 flet,
370 983 477 1033 quod
511 988 601 1032 post
634 995 758 1018 annos
796 982 905 1020 mille
939 996 1019 1019 non
1054 985 1171 1020 vivet.
1232 983 1346 1020 Haec

155 1057 263 1104 paria
291 1059 408 1098 sunt3
439 1068 519 1091 non
547 1056 622 1091 eris
649 1067 723 1090 nec
750 1053 869 1090 fuisti.
933 1054 1157 1104 Utrumque
1187 1059 1347 1104 tempus

88 1128 135 1164 12
154 1125 330 1162 alienum
351 1130 421 1162 est.
483 1124 530 1161 In
558 1124 631 1161 hoc
659 1130 853 1174 punctum
873 1127 1076 1162 coniectus
1097 1138 1151 1169 es,
1172 1125 1278 1174 quod
1301 1130 1346 1162 ut

155 1195 362 1240 extendas,
396 1208 474 1245 quo
508 1208 631 1244 usque
662 1194 884 1231 extendes?
946 1194 1053 1240 Quid
1081 1194 1178 1232 fles?
1238 1195 1345 1241 Quid

155 1268 298 1316 optas?
356 1266 490 1303 Perdis
511 1278 681 1315 operam.

341 1352 475 1384 Desine
491 1351 567 1383 fata
582 1350 689 1383 deum
706 1350 800 1383 flecti
818 1360 959 1392 sperare
975 1351 1163 1393 precando.

159 1431 257 1468 Rata
279 1436 320 1467 et
340 1430 416 1466 fixa
437 1434 529 1466 sunt
550 1434 591 1466 et
619 1442 763 1478 magna
782 1434 903 1479 atque
923 1434 1087 1466 aeterna
1106 1433 1346 1468 necessitate

156 1502 366 1539 ducuntur.
427 1500 485 1536 Eo
505 1500 592 1545 ibiS,
612 1512 690 1549 quo
711 1502 842 1536 omnia
862 1504 970 1536 eunt.
1030 1499 1139 1545 Quid
1161 1501 1236 1537 tibi
1256 1504 1346 1538 novi

156 1574 247 1610 est?
316 1571 380 1608 Ad
418 1570 520 1607 hanc
558 1571 692 1619 legem
730 1575 846 1606 natus
885 1583 937 1607 es.
1008 1571 1099 1607 Hoc
1137 1574 1239 1620 patri
1277 1577 1347 1608 tuo

155 1643 313 1688 accidit,
334 1642 408 1679 1100
435 1644 564 1687 matri,
585 1641 660 1678 hoc
689 1642 913 1687 maioribus,
938 1640 1012 1678 hoc
1042 1643 1223 1679 omnibus
1253 1648 1346 1680 ante

156 1720 212 1761 te,
246 1714 321 1751 hoc
355 1714 536 1750 omnibus
575 1717 665 1762 post
703 1718 755 1749 te.
815 1712 944 1750 Series
979 1715 1126 1750 invicta
1159 1719 1201 1751 et
1238 1714 1347 1750 nulla

90 1789 135 1826 13
156 1784 357 1822 mutabilis
378 1797 453 1833 ope
474 1784 655 1833 inligavit
675 1796 720 1820 ac
744 1783 867 1820 trahit
888 1788 1040 1821 cuncta.
1101 1783 1284 1829 Quantus
1305 1789 1346 1822 te

156 1855 326 1906 populus
363 1857 641 1890 moriturorum
681 1854 896 1903 sequetur?
963 1853 1146 1899 Quantus
1185 1858 1347 1892 comita-

209 1957 225 1970 ‘1
250 1949 319 1982 For
341 1948 402 1981 the
427 1959 524 1980 same
540 1948 694 1990 thought
710 1949 752 1991 cf.
774 1948 843 1990 ΕΡ.
863 1948 943 1981 xlix.
963 1951 984 1980 3
1002 1954 1169 1991 punctum
1188 1954 1234 1982 est
1257 1951 1349 1993 quod

155 1994 300 2027 vivimus
315 1997 345 2024 et
362 1992 474 2025 adhuc
484 1996 614 2034 puncto
632 1992 754 2024 minus.

211 2038 224 2057 ὃ
246 2035 382 2077 Vergil,
400 2035 547 2071 sienem,
565 2036 609 2067 vi.
628 2037 703 2067 376.

161 2094 235 2130 174
