1434 2333
117 586 132 622 1

120 1394 140 1429 [0

381 125 496 162 THE
526 122 780 161 EPISTLES
810 122 881 160 OF
910 121 1120 160 SENECA

156 226 326 265 quoque,
364 218 578 262 antequam
627 210 794 256 erudias,
836 213 993 247 virtutis
1039 214 1217 256 materia,
1261 224 1340 248 non

156 271 279 305 virtus
299 271 370 303 est.
430 265 548 302 VALE.

704 394 794 429 XCI

427 498 580 535 SENECA
612 497 772 534 LVCILIO
801 510 867 534 svo
897 510 1069 534 SALVTEM

225 587 415 624 Liberalis
435 591 570 622 noster
589 599 694 622 nunc
715 588 837 622 tristis
858 591 918 622 est
942 588 1126 622 nuntiato
1146 586 1345 632 incendio,

157 655 234 691 quo
270 640 549 689 Lugdunensis
583 640 736 675 colonia
774 644 913 676 exusta
947 644 1018 676 est.
1080 639 1241 676 Movere
1280 639 1344 676 hic

157 708 267 731 casus
313 693 535 743 quemlibet
574 698 720 742 posset,
759 693 909 730 nedum
948 693 1152 729 hominem
1193 696 1344 742 patriae

157 761 249 785 suae
269 750 592 784 amantissimum.
653 746 765 792 Quae
796 760 857 783 res
885 747 1028 791 effecit,
1050 752 1094 783 ut
1116 747 1344 784 firmitatem

157 804 276 838 animi
303 804 362 837 sui
389 806 565 850 quaerat,
586 814 704 850 quam
728 800 915 837 videlicet
941 800 991 837 ad
1012 814 1070 845 ea,
1091 814 1191 850 quae
1213 804 1345 837 timeri

158 868 270 905 posse
299 855 480 904 putabat,
505 857 692 890 exercuit.
754 854 843 890 Hoc
872 867 964 891 vero
991 859 1072 890 tam
1096 857 1345 903 inopinatum

158 909 305 945 malum
332 913 374 945 et
398 921 524 957 paene
549 908 771 944 inauditum
803 921 883 944 non
912 911 1030 943 miror
1059 911 1089 944 si
1119 910 1204 944 sine
1233 913 1344 945 metu

158 963 246 1008 fuit,
268 975 357 998 cum
379 967 484 998 esset
505 964 589 997 sine
610 961 803 1010 exemplo.
864 962 1014 997 Multas
1038 964 1144 998 enim
1165 965 1346 999 civitates

158 1016 387 1053 incendium
411 1018 581 1060 vexavit,
601 1015 752 1051 nullam
775 1015 952 1052 abstulit.
1012 1015 1113 1051 Nam
1138 1018 1258 1052 etiam
1279 1016 1346 1052 ubi

159 1070 293 1106 hostili
313 1083 431 1106 manu
452 1072 491 1105 in
514 1073 621 1105 tecta
636 1069 647 1091 1
670 1071 772 1119 ignis
795 1072 978 1106 inmissus
1002 1074 1075 1114 est,
1096 1069 1232 1106 multis
1251 1069 1347 1106 locis

159 1123 322 1168 deficit,2
343 1129 385 1159 et
405 1125 581 1173 quamvis
605 1123 773 1159 subinde
798 1126 1007 1167 excitetur,
1028 1136 1113 1159 rai-0
1136 1128 1272 1160 'tamen
1293 1126 1347 1160 sic

159 1183 300 1213 cuneta
317 1177 555 1225 depascitur,
572 1182 615 1212 ut
632 1176 731 1212 nihil
752 1176 854 1212 ferro
871 1176 1079 1226 relinquat..
1139 1177 1347 1213 Terrarum

160 1244 317 1280 quoque
347 1233 410 1266 vix
439 1243 627 1279 umquam
657 1234 739 1265 'cain
768 1233 896 1278 gravis
925 1235 967 1266 et
996 1233 1238 1279 perniciosus
1272 1230 1349 1267 fuit

160 1289 304 1329 motus,
320 1289 365 1320 ut
384 1288 470 1320 tota
489 1283 635 1332 oppida
655 1288 865 1320 everteret.
925 1283 1153 1333 Numquam
1173 1284 1347 1334 denique

160 1343 241 1374 tam
271 1337 461 1374 infestum
490 1337 561 1372 ulli
592 1340 735 1373 exarsit
765 1337 1008 1382 incendium,
1031 1342 1076 1373 ut
1105 1337 1205 1374 nihil
1234 1338 1350 1375 alteri

161 1396 386 1440 superesset
420 1390 615 1426 incendio.
676 1390 753 1427 Tot
787 1390 1052 1439 pulcherrima
1086 1404 1217 1440 opera,
1247 1405 1349 1441 quae

161 1445 315 1494 singula
350 1444 559 1480 inlustrare
594 1444 709 1481 urbes
744 1444 919 1493 singulas
953 1450 1129 1493 possent,
1164 1458 1241 1481 una
1271 1459 1349 1482 nox

160 1501 311 1543 stravit,
341 1503 382 1535 et
411 1501 451 1533 in
480 1502 592 1534 tanta
623 1511 719 1546 pace
748 1504 941 1547 quantum
971 1511 1022 1535 ne
1052 1499 1159 1536 bello
1188 1498 1350 1548 quidem

161 1555 291 1588 timeri
325 1556 458 1601 potest.
492 1551 646 1587 accidit.
706 1551 804 1595 Quis
843 1551 917 1587 hoc
956 1552 1121 1589 credat?
1190 1552 1349 1602 Ubique

430 1638 436 1656 ¹
465 1637 496 1669 in
517 1642 599 1669 terta
619 1636 809 1674 Erasmus3
836 1637 954 1669 iniecta
974 1637 1076 1671 MSS.

435 1681 448 1699 '²
471 1681 580 1722 dofivit
598 1680 685 1711 later
703 1679 804 1711 MSS.
822 1692 829 1717 ς
855 1681 975 1722 defecit
994 1681 1068 1713 BA.

213 1782 226 1795 ‘¹
254 1775 293 1805 In
312 1775 402 1815 spite
419 1773 459 1804 of
479 1773 539 1804 the
557 1773 753 1804 centesimum
771 1785 884 1804 ‹emms
900 1773 939 1805 of
959 1776 975 1812 ἓ
999 1776 1038 1805 14
1054 1775 1163 1816 (qux).
1183 1774 1242 1805 the
1260 1776 1353 1806 most

161 1817 329 1860 probable
353 1816 435 1848 date
465 1816 505 1847 of
532 1815 602 1847 this
634 1815 749 1852 letter,
775 1816 884 1847 based
908 1827 952 1848 on
980 1816 1062 1848 Tac.
1090 1817 1187 1849 Αηη.
1214 1818 1280 1848 xvi.
1315 1819 1352 1847 13

161 1861 231 1893 and
262 1860 364 1892 other
400 1859 544 1901 general
580 1858 760 1894 evidence.
793 1861 821 1891 is
852 1859 1172 1901 July-September
1203 1862 1245 1891 64
1276 1871 1347 1891 mn.

162 1908 202 1935 58
220 1915 291 1936 ΑΛ).
312 1902 427 1934 would
445 1902 487 1934 be
504 1904 563 1933 too
587 1901 682 1943 early
705 1902 758 1933 for
781 1913 888 1944 many
906 1913 1230 1944 reasons—among
1252 1902 1350 1935 them

161 1948 239 1979 ’that
257 1952 280 1964 “
293 1957 401 1988 peace
422 1945 467 1976 all
490 1955 573 1977 over
596 1944 657 1977 the
682 1945 790 1977 world
803 1945 821 1957 '⁹
838 1945 953 1977 would
971 1948 1032 1977 noi
1054 1946 1097 1978 be
1114 1957 1134 1978 a
1150 1949 1228 1978 true
1245 1948 1352 1977 state-

163 1993 260 2021 ment
275 1989 365 2020 until
381 1989 540 2029 January
557 1988 597 2019 of
617 1990 669 2020 62.
717 1988 799 2027 (See
821 1988 882 2020 the
907 1989 1145 2031 monographs
1165 1989 1205 2021 of
1225 1988 1349 2023 Jonas,

161 2033 203 2065 O.
226 2032 367 2069 Binder‚
387 2031 521 2073 Peiper‚
540 2031 610 2063 and
627 2031 837 2071 Schultess)

162 2088 239 2120 430
