1434 2333
408 100 523 138 THE
553 102 805 140 EPISTLES
836 104 907 140 OF
935 104 1145 142 SENECA

185 199 270 223 esse
286 187 429 224 liberos
449 191 533 237 pios
549 195 590 226 et
611 190 714 227 bene
729 197 921 228 moratam
942 196 1108 241 patriam
1124 198 1165 230 et
1185 198 1370 243 parentes

185 254 308 290 bonos
323 267 331 298 ;
362 254 501 291 horum
530 258 704 305 pericula
730 271 810 294 non
839 262 1005 308 potestis
1032 265 1210 309 spectare
1231 263 1368 297 securi.

189 320 441 359 Perturbabit
490 337 554 360 vos
601 325 751 361 obsidio
798 329 962 375 patriae,
1000 327 1212 364 liberorum
1254 340 1371 373 mors,

118 389 167 425 23
188 394 397 436 parentum
432 391 635 428 servitus.''
696 392 803 438 Quid
837 393 1021 430 adversus
1054 394 1125 431 hos
1159 408 1229 444 pro
1258 395 1372 431 nobis

187 457 417 505 responderi
439 458 576 504 soleat,
596 473 764 508 ponam3
794 461 940 498 deinde
962 467 1057 498 tunc
1076 462 1256 507 adiciam,
1277 461 1372 511 quid

189 528 394 571 praeterea
414 525 735 574 respondendum
756 532 904 576 putem.

257 591 347 628 Alia
380 593 559 629 condicio
593 599 654 630 est
685 597 726 630 in
764 597 823 640 iis,
854 608 955 644 quae
994 595 1127 632 ablata
1165 598 1206 632 in
1244 595 1374 632 locum

191 671 304 694 suum
325 659 474 709 aliquid
494 661 733 697 incommodi
749 662 1020 706 substituunt3
1050 668 1252 712 tamquam
1272 663 1375 698 bona

192 727 368 763 valitudo
388 730 525 763 vitiata
545 731 586 763 in
606 728 750 764 malam
771 729 1028 773 transfertur3
1057 733 1160 766 acies
1174 729 1375 765 oculorum

192 797 389 831 exstincta
409 798 602 832 caecitate
619 809 689 832 nos
704 796 838 832 adficit
852 797 864 819 1
881 809 889 840 3
919 810 998 833 non
1014 802 1171 833 tantum
1189 797 1376 833 velocitas

192 865 295 911 perit
325 862 542 911 poplitibus
576 866 721 908 incisis,
751 863 820 900 sed
849 863 1034 900 debilitas
1063 877 1133 913 pro
1162 864 1227 900 illa
1257 864 1375 899 subit.

195 929 285 966 Hoc
312 943 391 965 non
419 935 477 966 est
505 930 723 979 periculum
751 933 791 966 in
820 933 878 975 iis,
899 944 999 980 quae
1029 931 1146 980 paulo
1175 935 1269 967 ante
1298 935 1377 967 ret-

193 997 367 1034 tulimus.
428 996 588 1042 Quare?
646 997 686 1033 Si
706 1000 877 1033 amicum
903 998 1051 1034 bonum
1071 1000 1196 1043 amisi,
1216 1010 1296 1034 nou
1317 1002 1377 1034 est

195 1064 291 1100 mihi
318 1078 387 1113 pro
414 1064 482 1100 illo
510 1064 672 1113 perfidia
701 1064 903 1114 patienda,
927 1078 1002 1101 nec
1029 1068 1059 1102 si
1087 1066 1210 1101 bonos
1235 1064 1378 1100 liberos

126 1131 175 1167 24
196 1132 334 1176 extuli,
354 1134 395 1167 in
420 1131 576 1167 illorum
604 1131 732 1168 locum
760 1134 943 1181 impietas
970 1132 1157 1169 succedit.
1219 1131 1378 1168 Deinde

195 1213 274 1235 non
312 1202 526 1234 amicorum
566 1199 673 1235 illic*2
719 1204 790 1235 aut
827 1199 1040 1235 liberorum
1080 1202 1278 1243 interitus,
1309 1197 1379 1234 sed

196 1279 401 1316 corporum
422 1271 493 1302 est.
555 1266 707 1302 Bonum
734 1271 869 1302 autem
897 1280 975 1302 uno
1001 1266 1119 1302 modo
1146 1269 1262 1315 perit,
1284 1269 1315 1303 si
1338 1269 1377 1302 in

195 1335 343 1371 malum
364 1337 529 1377 transit;
558 1334 664 1382 quod
692 1338 832 1369 natura
858 1347 937 1369 non
958 1337 1121 1383 patitur,
1143 1336 1234 1383 quia
1254 1336 1380 1369 omnis

196 1404 319 1437 virtus
359 1406 401 1437 et
438 1413 536 1449 opus
570 1413 686 1436 omne
726 1403 882 1437 virtutis
920 1404 1191 1449 incorruptum
1231 1405 1377 1437 manet.

198 1468 356 1505 Deinde
392 1471 513 1505 etiam
545 1470 575 1504 si
609 1471 725 1504 amici
758 1471 975 1516 perierunt,
1006 1470 1126 1504 etiam
1161 1470 1192 1504 si
1226 1468 1380 1516 probati

197 1536 565 1585 respondentesque
593 1540 684 1571 voto
711 1538 832 1584 patris
859 1535 986 1580 liberi,
1008 1540 1068 1571 est
1089 1534 1195 1584 quod
1223 1534 1380 1571 illorum

198 1603 358 1652 expleat
378 1602 518 1638 locum.
579 1601 686 1646 Quid
711 1604 762 1637 sit
789 1603 972 1651 quaeris?
1027 1601 1146 1646 Quod
1173 1601 1259 1637 illos
1285 1614 1381 1650 quo-

129 1675 177 1711 25
198 1684 276 1720 que
297 1671 420 1706 bonos
441 1669 603 1713 fecerat,
625 1671 757 1704 virtus.
818 1668 931 1704 Haec
952 1667 1051 1703 nihil
1073 1681 1209 1704 vacare
1231 1671 1382 1716 patitur

198 1738 286 1782 loci,
303 1742 433 1773 totum
453 1739 628 1772 animum
651 1739 777 1780 tenet,
793 1734 1034 1771 desiderium
1055 1738 1230 1770 omnium
1248 1735 1355 1772 tollit
1372 1748 1380 1778 ;

464 1813 474 1832 ¹
499 1813 601 1854 afficit
617 1813 704 1844 later
721 1811 822 1845 MSS.
840 1825 848 1849 ;
872 1812 997 1853 adfecit
1013 1811 1048 1842 V
1052 1811 1114 1844 Pb.

517 1870 527 1874 -
551 1856 621 1888 illic
639 1855 852 1891 Buecheler3
878 1855 944 1886 illis
960 1854 994 1886 V
999 1854 1059 1886 Pb.

250 1925 356 1958 “See
372 1925 441 1967 Ep.
461 1924 541 1956 lxvi
562 1927 590 1955 6.
640 1923 714 1955 The
731 1922 857 1959 Stoics,
873 1922 992 1953 unlike
1009 1922 1069 1953 the
1087 1922 1296 1954 Academics
1313 1922 1383 1954 and

198 1969 259 2001 the
282 1936 524 2010 Peripatetics‚
543 1966 760 1998 maintained
782 1965 861 1997 that
883 1965 944 1997 the
966 1965 1060 2006 good
1082 1968 1177 1997 must
1197 1965 1323 1996 have“
1335 1976 1380 1997 an

199 2011 465 2044 unconditional
481 2009 613 2042 value''
628 2009 779 2051 (Zeller).

203 2069 276 2102 128
