1434 2333
416 107 531 144 THE
561 107 815 144 EPISTLES
847 108 918 145 OF
947 107 1157 146 SENECA

195 208 274 231 non
290 201 535 244 consurgunt
551 199 590 232 in
608 196 731 232 altum
747 209 822 233 nec
837 196 1001 234 fortuita
1017 197 1236 234 fastidiunt.
1297 198 1382 234 Vir-

195 262 259 293 tus
280 256 439 293 extollit
458 256 660 294 hominem
683 263 724 295 et
745 271 864 308 super
883 271 971 295 cara
998 259 1230 296 mortalibus
1251 259 1384 295 conlo-

194 326 281 364 cat3
311 334 385 358 nec
413 334 471 367 ea,
492 335 592 371 quae
620 323 735 368 bona,
756 336 830 360 nec
851 336 910 369 ea,
930 336 1031 373 quae
1058 324 1161 360 mala
1181 328 1385 369 vocantur,

194 387 263 419 aut
292 386 403 432 cupit
431 386 547 420 nimis
576 390 645 421 aut
675 388 911 434 expavescit.
972 385 1180 432 Chelidon,
1204 399 1305 422 unus
1335 398 1384 422 ex

196 444 429 494 Cleopatrae
468 446 665 492 mollibus,
695 450 976 496 patrimonium
1014 449 1166 497 grande
1195 448 1382 498 possedit.

197 506 335 556 Nuper
364 508 514 545 Natalis
541 514 622 545 tam
652 511 841 559 inprobae
871 510 1030 559 linguae
1060 524 1177 560 quam
1206 514 1385 560 inpurae‚

195 572 236 604 in
257 572 366 606 cuius
387 584 453 607 ore
475 570 647 608 feminae
668 573 953 621 purgabantur,
970 578 1011 609 et
1031 573 1247 609 multorum
1267 572 1383 609 heres

194 631 271 668 fuit
291 637 333 668 et
352 632 498 669 multos
525 633 664 671 habuit
690 633 868 671 heredes.
927 634 1035 680 Quid
1057 636 1181 684 ergo?
1239 635 1384 672 Utrum

195 693 308 730 illurn
335 698 504 743 pecunia
530 698 715 744 inpurum
743 696 874 733 effecit
900 710 949 732 an
976 699 1060 746 ipse
1087 699 1298 746 pecuniam
1327 700 1385 733 in-

196 759 423 805 spurcavit?
479 756 591 802 Quae
613 760 667 794 sic
694 761 734 794 in
762 758 952 808 quosdam
980 758 1161 795 homines
1188 758 1385 809 quomodo

131 817 176 855 17
195 818 381 855 denarius
397 821 438 855 in
454 819 627 856 cloacam
644 819 760 856 cadit.
810 820 945 857 Virtus
962 834 1079 870 super
1094 824 1169 857 ista
1189 824 1381 858 consistit.

196 879 275 917 Suo
295 894 384 918 aere
406 887 601 918 censetur.
661 881 771 918 Nihil
788 895 836 918 ex
852 885 936 918 istis
953 882 1133 932 quolibet
1148 885 1385 919 incurrenti-

196 944 268 979 bus
306 943 451 980 bonum
492 944 651 980 iudicat.
712 944 914 981 Medicina
953 950 994 981 et
1031 946 1267 994 gubernatio
1307 958 1386 981 non

197 1004 401 1042 interdicit
422 1006 494 1042 sibi
515 1020 560 1042 ac
576 1009 654 1042 suis
670 1006 931 1043 admiratione
947 1006 1087 1043 talium
1104 1020 1245 1043 rerum.
1305 1006 1385 1053 Qui

196 1080 275 1103 non
303 1073 364 1104 est
391 1071 448 1104 vir
474 1068 612 1113 bonus,
639 1074 773 1117 potest
798 1068 1055 1106 nihilominus
1082 1069 1258 1106 medicus
1286 1081 1386 1114 esse,

197 1135 330 1178 potest
359 1131 613 1179 gubernator,
645 1136 778 1179 potest
807 1134 1088 1180 grammaticus
1117 1137 1199 1168 tam
1229 1130 1385 1168 meher-

197 1192 304 1228 cules
343 1205 460 1242 quam
499 1205 624 1229 cocus.
685 1192 756 1229 Cui
788 1195 987 1241 contingit
1015 1192 1162 1230 habere
1192 1206 1275 1230 rem
1304 1206 1385 1229 non

195 1254 428 1303 quamlibet,
450 1253 554 1290 hunc
581 1268 660 1290 non
687 1255 908 1304 quemlibet
933 1255 1101 1299 dixe1·is;
1131 1255 1261 1305 qualia
1281 1258 1386 1305 quis-

130 1317 176 1353 18
196 1329 273 1365 que
289 1316 424 1361 habet,
440 1317 530 1353 talis
547 1322 618 1353 est.
670 1317 803 1353 Fiscus
820 1319 923 1353 tanti
939 1322 1012 1361 est,
1029 1323 1223 1366 quantum
1243 1317 1385 1361 habet3

196 1382 316 1415 immo
342 1381 383 1414 in
409 1381 677 1415 accessionem
704 1382 787 1416 eius
815 1382 938 1425 venit,
959 1378 1065 1428 quod
1092 1378 1225 1416 habet.
1285 1378 1384 1425 Quis

196 1441 315 1490 pleno
337 1440 490 1477 sacculo
512 1441 636 1477 ullum
656 1444 830 1489 pretium
850 1444 963 1490 ponit
979 1444 1054 1477 nisi
1070 1441 1176 1490 quod
1191 1444 1384 1491 pecuniae

194 1507 235 1539 in
256 1517 303 1540 eo
330 1503 514 1540 conditae
541 1516 728 1540 numerus
757 1503 917 1540 effecit?
976 1503 1089 1540 Idem
1116 1507 1251 1540 evenit
1276 1517 1385 1553 mag-

195 1578 335 1601 norum
365 1565 534 1601 dominis
563 1568 913 1614 patrimoniorum:
956 1568 1199 1602 accessiones
1229 1565 1384 1602 illorum

196 1632 238 1664 et
257 1627 498 1675 appendices
519 1632 621 1663 sunt.

263 1689 396 1734 Quare
426 1702 521 1738 ergo
548 1692 703 1738 sapiens
728 1701 896 1737 magnus
923 1689 1012 1725 est?
1069 1688 1171 1734 Quia
1195 1702 1384 1738 magnum

195 1755 371 1788 animum
400 1751 533 1788 habet.
593 1752 739 1788 Verum
778 1757 839 1788 est
868 1764 962 1800 ergo
991 1751 1097 1801 quod
1126 1754 1384 1801 contemptis—

130 1815 176 1851 19
197 1818 294 1851 simo
315 1817 457 1864 cuique
484 1816 696 1863 contingit,
716 1814 865 1850 bonum
891 1826 971 1849 non
998 1826 1094 1850 esse.
1156 1813 1296 1862 Itaque
1324 1816 1383 1849 in-

248 1936 263 1949 st
288 1929 354 1962 See
371 1929 439 1972 Ep.
461 1929 630 1965 lxxxviii.‚
649 1928 763 1960 which
781 1930 808 1960 is
827 1927 980 1960 devoted
997 1931 1034 1960 to
1051 1927 1112 1960 the
1134 1927 1384 1969 development

196 1972 235 2004 of
248 1973 318 2004 this
336 1972 499 2014 thought.

251 2016 262 2035 ἱ)
287 2016 355 2051 i.e.‚
371 2018 407 2047 at
424 2018 469 2047 its
486 2026 564 2047 own
584 2015 706 2048 worth.

199 2072 274 2105 332
