<?xml version="1.0" encoding="UTF-8"?>
<!DOCTYPE html PUBLIC "-//W3C//DTD XHTML 1.0 Transitional//EN"
    "http://www.w3.org/TR/xhtml1/DTD/xhtml1-transitional.dtd">
<html xmlns="http://www.w3.org/1999/xhtml" xml:lang="en" lang="en">
 <head>
  <title>
</title>
<meta http-equiv="Content-Type" content="text/html;charset=utf-8" />
  <meta name='ocr-system' content='tesseract 3.04.00' />
  <meta name='ocr-capabilities' content='ocr_page ocr_carea ocr_par ocr_line ocrx_word'/>
</head>
<body>
  <div class='ocr_page' id='page_1' title='image "adlucilium02sene_0388.png"; bbox 0 0 1434 2333; ppageno 0'>
   <div class='ocr_carea' id='block_1_1' title="bbox 383 96 1125 136">
    <p class='ocr_par' dir='ltr' id='par_1_1' title="bbox 383 96 1125 136">
     <span class='ocr_line' id='line_1_1' title="bbox 383 96 1125 136; baseline -0.003 0"><span class='ocrx_word' id='word_1_1' title='bbox 383 100 498 136; x_wconf 90' lang='lat' dir='ltr'>THE</span> <span class='ocrx_word' id='word_1_2' title='bbox 528 97 783 136; x_wconf 90' lang='lat' dir='ltr'>EPISTLES</span> <span class='ocrx_word' id='word_1_3' title='bbox 814 97 885 134; x_wconf 90' lang='lat' dir='ltr'>OF</span> <span class='ocrx_word' id='word_1_4' title='bbox 914 96 1125 134; x_wconf 91' lang='lat' dir='ltr'><strong>SENECA</strong></span> 
     </span>
    </p>
   </div>
   <div class='ocr_carea' id='block_1_2' title="bbox 95 187 1358 1241">
    <p class='ocr_par' dir='ltr' id='par_1_2' title="bbox 166 187 1351 397">
     <span class='ocr_line' id='line_1_2' title="bbox 166 187 1349 237; baseline -0.003 -10"><span class='ocrx_word' id='word_1_5' title='bbox 166 194 221 227; x_wconf 85' lang='lat' dir='ltr'>ait</span> <span class='ocrx_word' id='word_1_6' title='bbox 255 204 301 227; x_wconf 82' lang='lat' dir='ltr'>ex</span> <span class='ocrx_word' id='word_1_7' title='bbox 337 190 409 234; x_wconf 83' lang='lat' dir='ltr'>his,</span> <span class='ocrx_word' id='word_1_8' title='bbox 438 201 539 237; x_wconf 83' lang='lat' dir='ltr'>quae</span> <span class='ocrx_word' id='word_1_9' title='bbox 574 187 772 232; x_wconf 82' lang='lat' dir='ltr'>videntur,</span> <span class='ocrx_word' id='word_1_10' title='bbox 801 187 900 223; x_wconf 86' lang='lat' dir='ltr'>nihil</span> <span class='ocrx_word' id='word_1_11' title='bbox 931 200 1016 224; x_wconf 89' lang='lat' dir='ltr'>esse</span> <span class='ocrx_word' id='word_1_12' title='bbox 1046 201 1124 223; x_wconf 92' lang='lat' dir='ltr'>uno</span> <span class='ocrx_word' id='word_1_13' title='bbox 1154 187 1349 237; x_wconf 76' lang='lat' dir='ltr'>excepto1</span> 
     </span>
     <span class='ocr_line' id='line_1_3' title="bbox 167 241 1350 291; baseline -0.002 -12"><span class='ocrx_word' id='word_1_14' title='bbox 167 247 358 280; x_wconf 82' lang='lat' dir='ltr'>universo.</span> <span class='ocrx_word' id='word_1_15' title='bbox 418 243 552 278; x_wconf 82' lang='lat' dir='ltr'>Zenon</span> <span class='ocrx_word' id='word_1_16' title='bbox 573 241 734 278; x_wconf 84' lang='lat' dir='ltr'>Eleates</span> <span class='ocrx_word' id='word_1_17' title='bbox 757 244 889 277; x_wconf 86' lang='lat' dir='ltr'>onmia</span> <span class='ocrx_word' id='word_1_18' title='bbox 917 244 1080 290; x_wconf 84' lang='lat' dir='ltr'>negotia</span> <span class='ocrx_word' id='word_1_19' title='bbox 1108 241 1158 278; x_wconf 89' lang='lat' dir='ltr'>de</span> <span class='ocrx_word' id='word_1_20' title='bbox 1187 243 1350 291; x_wconf 88' lang='lat' dir='ltr'>negotio</span> 
     </span>
     <span class='ocr_line' id='line_1_4' title="bbox 167 294 1351 345; baseline -0.003 -12"><span class='ocrx_word' id='word_1_21' title='bbox 167 297 335 333; x_wconf 86' lang='lat' dir='ltr'>deiecit:</span> <span class='ocrx_word' id='word_1_22' title='bbox 364 299 419 332; x_wconf 88' lang='lat' dir='ltr'>ait</span> <span class='ocrx_word' id='word_1_23' title='bbox 440 295 539 331; x_wconf 89' lang='lat' dir='ltr'>nihil</span> <span class='ocrx_word' id='word_1_24' title='bbox 560 308 656 331; x_wconf 86' lang='lat' dir='ltr'>esse.</span> <span class='ocrx_word' id='word_1_25' title='bbox 717 295 827 330; x_wconf 82' lang='lat' dir='ltr'>Circa</span> <span class='ocrx_word' id='word_1_26' title='bbox 855 295 995 331; x_wconf 87' lang='lat' dir='ltr'>eadem</span> <span class='ocrx_word' id='word_1_27' title='bbox 1024 294 1108 331; x_wconf 90' lang='lat' dir='ltr'>fere</span> <span class='ocrx_word' id='word_1_28' title='bbox 1135 294 1351 345; x_wconf 86' lang='lat' dir='ltr'>Pyrrhonei</span> 
     </span>
     <span class='ocr_line' id='line_1_5' title="bbox 166 348 1351 397; baseline -0.002 -11"><span class='ocrx_word' id='word_1_29' title='bbox 166 355 371 386; x_wconf 73' lang='lat' dir='ltr'>versantur</span> <span class='ocrx_word' id='word_1_30' title='bbox 391 354 432 386; x_wconf 91' lang='lat' dir='ltr'>et</span> <span class='ocrx_word' id='word_1_31' title='bbox 454 349 644 397; x_wconf 85' lang='lat' dir='ltr'>Megarici</span> <span class='ocrx_word' id='word_1_32' title='bbox 671 353 713 384; x_wconf 89' lang='lat' dir='ltr'>et</span> <span class='ocrx_word' id='word_1_33' title='bbox 741 348 908 384; x_wconf 79' lang='lat' dir='ltr'>Eretrici</span> <span class='ocrx_word' id='word_1_34' title='bbox 921 348 935 371; x_wconf 86' lang='lat'>²</span> <span class='ocrx_word' id='word_1_35' title='bbox 956 353 998 384; x_wconf 85' lang='lat' dir='ltr'>et</span> <span class='ocrx_word' id='word_1_36' title='bbox 1023 348 1264 393; x_wconf 79' lang='lat' dir='ltr'>Academici,</span> <span class='ocrx_word' id='word_1_37' title='bbox 1284 351 1351 397; x_wconf 92' lang='lat' dir='ltr'>qui</span> 
     </span>
    </p>

    <p class='ocr_par' dir='ltr' id='par_1_3' title="bbox 95 401 1356 933">
     <span class='ocr_line' id='line_1_6' title="bbox 95 401 1352 447; baseline -0.001 -8"><span class='ocrx_word' id='word_1_38' title='bbox 95 408 144 443; x_wconf 82' lang='lat'>45</span> <span class='ocrx_word' id='word_1_39' title='bbox 166 416 307 439; x_wconf 81' lang='lat' dir='ltr'>novam</span> <span class='ocrx_word' id='word_1_40' title='bbox 353 403 596 439; x_wconf 86' lang='lat' dir='ltr'>induxerunt</span> <span class='ocrx_word' id='word_1_41' title='bbox 643 404 863 447; x_wconf 87' lang='lat' dir='ltr'>scientiam,</span> <span class='ocrx_word' id='word_1_42' title='bbox 905 401 1004 437; x_wconf 91' lang='lat' dir='ltr'>nihil</span> <span class='ocrx_word' id='word_1_43' title='bbox 1051 404 1160 438; x_wconf 91' lang='lat' dir='ltr'>scire.</span> <span class='ocrx_word' id='word_1_44' title='bbox 1238 402 1352 438; x_wconf 89' lang='lat' dir='ltr'>Haec</span> 
     </span>
     <span class='ocr_line' id='line_1_7' title="bbox 166 454 1352 504; baseline -0.001 -12"><span class='ocrx_word' id='word_1_45' title='bbox 166 459 297 493; x_wconf 86' lang='lat' dir='ltr'>omnia</span> <span class='ocrx_word' id='word_1_46' title='bbox 330 459 371 492; x_wconf 91' lang='lat' dir='ltr'>in</span> <span class='ocrx_word' id='word_1_47' title='bbox 404 456 515 492; x_wconf 90' lang='lat' dir='ltr'>illum</span> <span class='ocrx_word' id='word_1_48' title='bbox 550 468 835 504; x_wconf 80' lang='lat' dir='ltr'>supervacuum</span> <span class='ocrx_word' id='word_1_49' title='bbox 873 454 1093 491; x_wconf 87' lang='lat' dir='ltr'>studiorum</span> <span class='ocrx_word' id='word_1_50' title='bbox 1130 455 1352 492; x_wconf 89' lang='lat' dir='ltr'>liberalium</span> 
     </span>
     <span class='ocr_line' id='line_1_8' title="bbox 167 508 1351 559; baseline -0.002 -13"><span class='ocrx_word' id='word_1_51' title='bbox 167 522 331 559; x_wconf 78' lang='lat' dir='ltr'>gregem</span> <span class='ocrx_word' id='word_1_52' title='bbox 365 512 497 552; x_wconf 79' lang='lat' dir='ltr'>coice3</span> <span class='ocrx_word' id='word_1_53' title='bbox 539 509 595 544; x_wconf 92' lang='lat' dir='ltr'>illi</span> <span class='ocrx_word' id='word_1_54' title='bbox 628 508 725 544; x_wconf 89' lang='lat' dir='ltr'>mihi</span> <span class='ocrx_word' id='word_1_55' title='bbox 759 521 838 545; x_wconf 90' lang='lat' dir='ltr'>non</span> <span class='ocrx_word' id='word_1_56' title='bbox 869 508 1115 557; x_wconf 88' lang='lat' dir='ltr'>profuturam</span> <span class='ocrx_word' id='word_1_57' title='bbox 1144 511 1351 546; x_wconf 85' lang='lat' dir='ltr'>scientiam</span> 
     </span>
     <span class='ocr_line' id='line_1_9' title="bbox 168 562 1353 611; baseline 0 -12"><span class='ocrx_word' id='word_1_58' title='bbox 168 564 344 608; x_wconf 82' lang='lat' dir='ltr'>tradunt,</span> <span class='ocrx_word' id='word_1_59' title='bbox 374 563 415 599; x_wconf 90' lang='lat' dir='ltr'>hi</span> <span class='ocrx_word' id='word_1_60' title='bbox 449 575 561 611; x_wconf 87' lang='lat' dir='ltr'>spem</span> <span class='ocrx_word' id='word_1_61' title='bbox 594 565 720 598; x_wconf 91' lang='lat' dir='ltr'>omnis</span> <span class='ocrx_word' id='word_1_62' title='bbox 755 565 944 599; x_wconf 85' lang='lat' dir='ltr'>scientiae</span> <span class='ocrx_word' id='word_1_63' title='bbox 979 565 1163 611; x_wconf 81' lang='lat' dir='ltr'>eripiunt.</span> <span class='ocrx_word' id='word_1_64' title='bbox 1222 562 1353 599; x_wconf 86' lang='lat' dir='ltr'>Satius</span> 
     </span>
     <span class='ocr_line' id='line_1_10' title="bbox 167 615 1354 665; baseline -0.001 -12"><span class='ocrx_word' id='word_1_65' title='bbox 167 622 228 653; x_wconf 86' lang='lat' dir='ltr'>est</span> <span class='ocrx_word' id='word_1_66' title='bbox 249 629 490 665; x_wconf 83' lang='lat' dir='ltr'>supervacua</span> <span class='ocrx_word' id='word_1_67' title='bbox 509 619 606 652; x_wconf 89' lang='lat' dir='ltr'>scire</span> <span class='ocrx_word' id='word_1_68' title='bbox 627 628 744 665; x_wconf 86' lang='lat' dir='ltr'>quam</span> <span class='ocrx_word' id='word_1_69' title='bbox 765 615 874 651; x_wconf 90' lang='lat' dir='ltr'>nihil.</span> <span class='ocrx_word' id='word_1_70' title='bbox 935 616 998 652; x_wconf 87' lang='lat' dir='ltr'>Illi</span> <span class='ocrx_word' id='word_1_71' title='bbox 1022 629 1102 652; x_wconf 92' lang='lat' dir='ltr'>non</span> <span class='ocrx_word' id='word_1_72' title='bbox 1122 616 1354 665; x_wconf 87' lang='lat' dir='ltr'>praeferunt</span> 
     </span>
     <span class='ocr_line' id='line_1_11' title="bbox 168 669 1353 719; baseline 0 -13"><span class='ocrx_word' id='word_1_73' title='bbox 168 671 316 715; x_wconf 86' lang='lat' dir='ltr'>lumen,</span> <span class='ocrx_word' id='word_1_74' title='bbox 337 683 407 719; x_wconf 87' lang='lat' dir='ltr'>per</span> <span class='ocrx_word' id='word_1_75' title='bbox 426 669 532 719; x_wconf 92' lang='lat' dir='ltr'>quod</span> <span class='ocrx_word' id='word_1_76' title='bbox 552 672 656 706; x_wconf 87' lang='lat' dir='ltr'>acies</span> <span class='ocrx_word' id='word_1_77' title='bbox 677 669 880 719; x_wconf 81' lang='lat' dir='ltr'>derigatur</span> <span class='ocrx_word' id='word_1_78' title='bbox 899 669 949 706; x_wconf 88' lang='lat' dir='ltr'>ad</span> <span class='ocrx_word' id='word_1_79' title='bbox 969 682 1130 713; x_wconf 81' lang='lat' dir='ltr'>verum3</span> <span class='ocrx_word' id='word_1_80' title='bbox 1159 669 1200 705; x_wconf 93' lang='lat' dir='ltr'>hi</span> <span class='ocrx_word' id='word_1_81' title='bbox 1220 670 1353 706; x_wconf 89' lang='lat' dir='ltr'>oculos</span> 
     </span>
     <span class='ocr_line' id='line_1_12' title="bbox 168 722 1354 772; baseline 0 -13"><span class='ocrx_word' id='word_1_82' title='bbox 168 723 265 759; x_wconf 88' lang='lat' dir='ltr'>mihi</span> <span class='ocrx_word' id='word_1_83' title='bbox 287 723 491 760; x_wconf 86' lang='lat' dir='ltr'>effodiunt.</span> <span class='ocrx_word' id='word_1_84' title='bbox 550 722 591 759; x_wconf 90' lang='lat' dir='ltr'>Si</span> <span class='ocrx_word' id='word_1_85' title='bbox 619 722 855 772; x_wconf 82' lang='lat' dir='ltr'>Protagorae</span> <span class='ocrx_word' id='word_1_86' title='bbox 883 723 1015 768; x_wconf 82' lang='lat' dir='ltr'>credo,</span> <span class='ocrx_word' id='word_1_87' title='bbox 1034 723 1134 759; x_wconf 91' lang='lat' dir='ltr'>nihil</span> <span class='ocrx_word' id='word_1_88' title='bbox 1158 726 1200 759; x_wconf 91' lang='lat' dir='ltr'>in</span> <span class='ocrx_word' id='word_1_89' title='bbox 1223 736 1354 760; x_wconf 88' lang='lat' dir='ltr'>rerum</span> 
     </span>
     <span class='ocr_line' id='line_1_13' title="bbox 168 776 1354 825; baseline 0 -12"><span class='ocrx_word' id='word_1_90' title='bbox 168 782 308 813; x_wconf 84' lang='lat' dir='ltr'>natura</span> <span class='ocrx_word' id='word_1_91' title='bbox 346 782 408 813; x_wconf 86' lang='lat' dir='ltr'>est</span> <span class='ocrx_word' id='word_1_92' title='bbox 438 779 513 813; x_wconf 90' lang='lat' dir='ltr'>nisi</span> <span class='ocrx_word' id='word_1_93' title='bbox 547 776 735 819; x_wconf 86' lang='lat' dir='ltr'>dubium;</span> <span class='ocrx_word' id='word_1_94' title='bbox 779 779 809 812; x_wconf 93' lang='lat' dir='ltr'>si</span> <span class='ocrx_word' id='word_1_95' title='bbox 840 776 1098 825; x_wconf 81' lang='lat' dir='ltr'>Nausiphani,</span> <span class='ocrx_word' id='word_1_96' title='bbox 1128 776 1203 813; x_wconf 92' lang='lat' dir='ltr'>hoc</span> <span class='ocrx_word' id='word_1_97' title='bbox 1232 790 1354 813; x_wconf 90' lang='lat' dir='ltr'>unum</span> 
     </span>
     <span class='ocr_line' id='line_1_14' title="bbox 170 829 1356 876; baseline 0.001 -10"><span class='ocrx_word' id='word_1_98' title='bbox 170 835 322 867; x_wconf 88' lang='lat' dir='ltr'>certum</span> <span class='ocrx_word' id='word_1_99' title='bbox 352 835 425 873; x_wconf 88' lang='lat' dir='ltr'>est,</span> <span class='ocrx_word' id='word_1_100' title='bbox 445 829 545 865; x_wconf 90' lang='lat' dir='ltr'>nihil</span> <span class='ocrx_word' id='word_1_101' title='bbox 575 842 660 866; x_wconf 91' lang='lat' dir='ltr'>esse</span> <span class='ocrx_word' id='word_1_102' title='bbox 690 832 811 873; x_wconf 81' lang='lat' dir='ltr'>certi3</span> <span class='ocrx_word' id='word_1_103' title='bbox 845 832 877 866; x_wconf 91' lang='lat' dir='ltr'>si</span> <span class='ocrx_word' id='word_1_104' title='bbox 908 830 1146 876; x_wconf 72' lang='lat' dir='ltr'>Parmenidi,</span> <span class='ocrx_word' id='word_1_105' title='bbox 1166 830 1265 866; x_wconf 90' lang='lat' dir='ltr'>nihil</span> <span class='ocrx_word' id='word_1_106' title='bbox 1295 835 1356 867; x_wconf 88' lang='lat' dir='ltr'>est</span> 
     </span>
     <span class='ocr_line' id='line_1_15' title="bbox 170 883 1145 933; baseline 0.001 -14"><span class='ocrx_word' id='word_1_107' title='bbox 170 889 328 933; x_wconf 78' lang='lat' dir='ltr'>praeter</span> <span class='ocrx_word' id='word_1_108' title='bbox 348 896 494 927; x_wconf 90' lang='lat' dir='ltr'>unum;</span> <span class='ocrx_word' id='word_1_109' title='bbox 524 886 555 920; x_wconf 89' lang='lat' dir='ltr'>si</span> <span class='ocrx_word' id='word_1_110' title='bbox 575 883 737 928; x_wconf 81' lang='lat' dir='ltr'>Zenoni,</span> <span class='ocrx_word' id='word_1_111' title='bbox 757 896 808 919; x_wconf 89' lang='lat' dir='ltr'>ne</span> <span class='ocrx_word' id='word_1_112' title='bbox 830 896 950 919; x_wconf 88' lang='lat' dir='ltr'>unum</span> <span class='ocrx_word' id='word_1_113' title='bbox 973 884 1145 933; x_wconf 88' lang='lat' dir='ltr'>quidem.</span> 
     </span>
    </p>

    <p class='ocr_par' dir='ltr' id='par_1_4' title="bbox 101 935 1358 1241">
     <span class='ocr_line' id='line_1_16' title="bbox 101 935 1357 987; baseline 0.002 -16"><span class='ocrx_word' id='word_1_114' title='bbox 101 935 149 971; x_wconf 89' lang='lat'>46</span> <span class='ocrx_word' id='word_1_115' title='bbox 238 937 346 982; x_wconf 82' lang='lat' dir='ltr'>Quid</span> <span class='ocrx_word' id='word_1_116' title='bbox 373 950 466 986; x_wconf 83' lang='lat' dir='ltr'>ergo</span> <span class='ocrx_word' id='word_1_117' title='bbox 491 949 560 973; x_wconf 92' lang='lat' dir='ltr'>nos</span> <span class='ocrx_word' id='word_1_118' title='bbox 590 937 751 973; x_wconf 87' lang='lat' dir='ltr'>sumus?</span> <span class='ocrx_word' id='word_1_119' title='bbox 809 936 917 982; x_wconf 81' lang='lat' dir='ltr'>Quid</span> <span class='ocrx_word' id='word_1_120' title='bbox 946 940 1034 982; x_wconf 86' lang='lat' dir='ltr'>ista,</span> <span class='ocrx_word' id='word_1_121' title='bbox 1055 950 1156 987; x_wconf 91' lang='lat' dir='ltr'>quae</span> <span class='ocrx_word' id='word_1_122' title='bbox 1186 950 1256 973; x_wconf 88' lang='lat' dir='ltr'>nos</span> <span class='ocrx_word' id='word_1_123' title='bbox 1285 940 1357 974; x_wconf 91' lang='lat' dir='ltr'>cir-</span> 
     </span>
     <span class='ocr_line' id='line_1_17' title="bbox 171 990 1358 1035; baseline 0 -8"><span class='ocrx_word' id='word_1_124' title='bbox 171 995 383 1035; x_wconf 84' lang='lat' dir='ltr'>cumstant,</span> <span class='ocrx_word' id='word_1_125' title='bbox 428 990 553 1035; x_wconf 82' lang='lat' dir='ltr'>alunt,</span> <span class='ocrx_word' id='word_1_126' title='bbox 593 991 819 1027; x_wconf 85' lang='lat' dir='ltr'>sustinent?</span> <span class='ocrx_word' id='word_1_127' title='bbox 893 990 994 1027; x_wconf 87' lang='lat' dir='ltr'>Tota</span> <span class='ocrx_word' id='word_1_128' title='bbox 1040 1004 1171 1028; x_wconf 88' lang='lat' dir='ltr'>rerum</span> <span class='ocrx_word' id='word_1_129' title='bbox 1217 997 1358 1028; x_wconf 90' lang='lat' dir='ltr'>natura</span> 
     </span>
     <span class='ocr_line' id='line_1_18' title="bbox 172 1044 1357 1090; baseline 0.002 -11"><span class='ocrx_word' id='word_1_130' title='bbox 172 1044 309 1080; x_wconf 87' lang='lat' dir='ltr'>umbra</span> <span class='ocrx_word' id='word_1_131' title='bbox 330 1049 390 1080; x_wconf 84' lang='lat' dir='ltr'>est</span> <span class='ocrx_word' id='word_1_132' title='bbox 410 1049 479 1080; x_wconf 88' lang='lat' dir='ltr'>aut</span> <span class='ocrx_word' id='word_1_133' title='bbox 499 1046 627 1080; x_wconf 88' lang='lat' dir='ltr'>inanis</span> <span class='ocrx_word' id='word_1_134' title='bbox 647 1049 716 1080; x_wconf 87' lang='lat' dir='ltr'>aut</span> <span class='ocrx_word' id='word_1_135' title='bbox 736 1044 865 1080; x_wconf 87' lang='lat' dir='ltr'>fallax.</span> <span class='ocrx_word' id='word_1_136' title='bbox 927 1045 1016 1081; x_wconf 90' lang='lat' dir='ltr'>Non</span> <span class='ocrx_word' id='word_1_137' title='bbox 1036 1044 1153 1081; x_wconf 87' lang='lat' dir='ltr'>facile</span> <span class='ocrx_word' id='word_1_138' title='bbox 1177 1045 1357 1090; x_wconf 88' lang='lat' dir='ltr'>dixerim,</span> 
     </span>
     <span class='ocr_line' id='line_1_19' title="bbox 171 1097 1358 1147; baseline 0.002 -14"><span class='ocrx_word' id='word_1_139' title='bbox 171 1100 270 1133; x_wconf 85' lang='lat' dir='ltr'>utris</span> <span class='ocrx_word' id='word_1_140' title='bbox 290 1101 414 1146; x_wconf 83' lang='lat' dir='ltr'>magis</span> <span class='ocrx_word' id='word_1_141' title='bbox 435 1101 586 1142; x_wconf 76' lang='lat' dir='ltr'>irascar,</span> <span class='ocrx_word' id='word_1_142' title='bbox 608 1097 698 1142; x_wconf 88' lang='lat' dir='ltr'>illis,</span> <span class='ocrx_word' id='word_1_143' title='bbox 719 1101 785 1147; x_wconf 90' lang='lat' dir='ltr'>qui</span> <span class='ocrx_word' id='word_1_144' title='bbox 806 1111 876 1134; x_wconf 93' lang='lat' dir='ltr'>nos</span> <span class='ocrx_word' id='word_1_145' title='bbox 896 1097 995 1134; x_wconf 85' lang='lat' dir='ltr'>nihil</span> <span class='ocrx_word' id='word_1_146' title='bbox 1016 1101 1114 1135; x_wconf 86' lang='lat' dir='ltr'>scire</span> <span class='ocrx_word' id='word_1_147' title='bbox 1135 1098 1358 1143; x_wconf 83' lang='lat' dir='ltr'>voluerunt,</span> 
     </span>
     <span class='ocr_line' id='line_1_20' title="bbox 172 1151 1358 1201; baseline 0.002 -15"><span class='ocrx_word' id='word_1_148' title='bbox 172 1165 222 1187; x_wconf 89' lang='lat' dir='ltr'>an</span> <span class='ocrx_word' id='word_1_149' title='bbox 253 1151 340 1195; x_wconf 82' lang='lat' dir='ltr'>illis,</span> <span class='ocrx_word' id='word_1_150' title='bbox 361 1154 427 1200; x_wconf 91' lang='lat' dir='ltr'>qui</span> <span class='ocrx_word' id='word_1_151' title='bbox 458 1164 508 1187; x_wconf 92' lang='lat' dir='ltr'>ne</span> <span class='ocrx_word' id='word_1_152' title='bbox 538 1151 612 1187; x_wconf 91' lang='lat' dir='ltr'>hoc</span> <span class='ocrx_word' id='word_1_153' title='bbox 641 1151 802 1200; x_wconf 90' lang='lat' dir='ltr'>quidem</span> <span class='ocrx_word' id='word_1_154' title='bbox 833 1152 946 1188; x_wconf 91' lang='lat' dir='ltr'>nobis</span> <span class='ocrx_word' id='word_1_155' title='bbox 975 1152 1234 1201; x_wconf 88' lang='lat' dir='ltr'>reliquerunt,</span> <span class='ocrx_word' id='word_1_156' title='bbox 1259 1151 1358 1188; x_wconf 88' lang='lat' dir='ltr'>nihil</span> 
     </span>
     <span class='ocr_line' id='line_1_21' title="bbox 173 1204 459 1241; baseline 0 -1"><span class='ocrx_word' id='word_1_157' title='bbox 173 1208 282 1240; x_wconf 84' lang='lat' dir='ltr'>scire.</span> <span class='ocrx_word' id='word_1_158' title='bbox 341 1204 459 1241; x_wconf 78' lang='lat' dir='ltr'><strong>VALE.</strong></span> 
     </span>
    </p>
   </div>
   <div class='ocr_carea' id='block_1_3' title="bbox 657 1335 869 1372">
    <p class='ocr_par' dir='ltr' id='par_1_5' title="bbox 657 1335 869 1372">
     <span class='ocr_line' id='line_1_22' title="bbox 657 1335 869 1372; baseline 0 0"><span class='ocrx_word' id='word_1_159' title='bbox 657 1335 869 1372; x_wconf 83' lang='lat' dir='ltr'>LXXXIX</span> 
     </span>
    </p>
   </div>
   <div class='ocr_carea' id='block_1_4' title="bbox 134 1430 1358 1570">
    <p class='ocr_par' dir='ltr' id='par_1_6' title="bbox 134 1430 1358 1570">
     <span class='ocr_line' id='line_1_23' title="bbox 439 1430 1078 1468; baseline 0.003 -2"><span class='ocrx_word' id='word_1_160' title='bbox 439 1430 592 1467; x_wconf 76' lang='lat' dir='ltr'>SENECA</span> <span class='ocrx_word' id='word_1_161' title='bbox 623 1430 781 1467; x_wconf 84' lang='lat' dir='ltr'>ch1L10</span> <span class='ocrx_word' id='word_1_162' title='bbox 811 1444 877 1467; x_wconf 90' lang='lat' dir='ltr'>svo</span> <span class='ocrx_word' id='word_1_163' title='bbox 906 1444 1078 1468; x_wconf 71' lang='lat' dir='ltr'><strong>SALVTEM</strong></span> 
     </span>
     <span class='ocr_line' id='line_1_24' title="bbox 134 1517 1358 1570; baseline 0.003 -17"><span class='ocrx_word' id='word_1_164' title='bbox 134 1520 149 1554; x_wconf 86' lang='lat'>1</span> <span class='ocrx_word' id='word_1_165' title='bbox 242 1518 339 1554; x_wconf 87' lang='lat' dir='ltr'>Rem</span> <span class='ocrx_word' id='word_1_166' title='bbox 371 1517 511 1554; x_wconf 85' lang='lat' dir='ltr'>utilem</span> <span class='ocrx_word' id='word_1_167' title='bbox 543 1517 742 1555; x_wconf 84' lang='lat' dir='ltr'>desideras</span> <span class='ocrx_word' id='word_1_168' title='bbox 773 1523 813 1555; x_wconf 86' lang='lat' dir='ltr'>et</span> <span class='ocrx_word' id='word_1_169' title='bbox 842 1518 893 1555; x_wconf 89' lang='lat' dir='ltr'>ad</span> <span class='ocrx_word' id='word_1_170' title='bbox 922 1520 1185 1568; x_wconf 69' lang='lat' dir='ltr'>sapientiamss</span> <span class='ocrx_word' id='word_1_171' title='bbox 1218 1533 1358 1570; x_wconf 89' lang='lat' dir='ltr'>prope-</span> 
     </span>
    </p>
   </div>
   <div class='ocr_carea' id='block_1_5' title="bbox 172 1611 1359 1784">
    <p class='ocr_par' dir='ltr' id='par_1_7' title="bbox 172 1611 1359 1784">
     <span class='ocr_line' id='line_1_25' title="bbox 172 1611 1359 1685; baseline 0.006 -44"><span class='ocrx_word' id='word_1_172' title='bbox 172 1611 236 1685; x_wconf 56' lang='lat' dir='ltr'>Vb]</span> <span class='ocrx_word' id='word_1_173' title='bbox 261 1622 329 1643; x_wconf 79' lang='lat' dir='ltr'>uno</span> <span class='ocrx_word' id='word_1_174' title='bbox 348 1616 480 1653; x_wconf 57' lang='lat' dir='ltr'>arrepto</span> <span class='ocrx_word' id='word_1_175' title='bbox 499 1611 655 1643; x_wconf 78' lang='lat' dir='ltr'>inserted</span> <span class='ocrx_word' id='word_1_176' title='bbox 674 1611 722 1653; x_wconf 86' lang='lat' dir='ltr'>by</span> <span class='ocrx_word' id='word_1_177' title='bbox 740 1611 955 1644; x_wconf 82' lang='lat' dir='ltr'>Kalbfleisch</span> <span class='ocrx_word' id='word_1_178' title='bbox 973 1626 981 1648; x_wconf 83' lang='lat'>;</span> <span class='ocrx_word' id='word_1_179' title='bbox 1007 1613 1092 1645; x_wconf 76' lang='lat' dir='ltr'>nihil</span> <span class='ocrx_word' id='word_1_180' title='bbox 1115 1624 1181 1646; x_wconf 71' lang='lat' dir='ltr'>esse</span> <span class='ocrx_word' id='word_1_181' title='bbox 1204 1615 1359 1648; x_wconf 73' lang='lat' dir='ltr'>universo</span> 
     </span>
     <span class='ocr_line' id='line_1_26' title="bbox 233 1679 1062 1739; baseline 0.005 -12"><span class='ocrx_word' id='word_1_182' title='bbox 233 1679 240 1686; x_wconf 43' lang='lat'>⁸</span> <span class='ocrx_word' id='word_1_183' title='bbox 471 1696 484 1715; x_wconf 82' lang='lat'><strong>²</strong></span> <span class='ocrx_word' id='word_1_184' title='bbox 508 1697 659 1729; x_wconf 73' lang='lat' dir='ltr'>Eretrici</span> <span class='ocrx_word' id='word_1_185' title='bbox 676 1696 840 1739; x_wconf 84' lang='lat' dir='ltr'>Lipsius;</span> <span class='ocrx_word' id='word_1_186' title='bbox 865 1698 980 1731; x_wconf 66' lang='lat' dir='ltr'>cretici</span> <span class='ocrx_word' id='word_1_187' title='bbox 995 1699 1062 1731; x_wconf 87' lang='lat' dir='ltr'>Vb.</span> 
     </span>
     <span class='ocr_line' id='line_1_27' title="bbox 354 1740 1175 1784; baseline 0.005 -14"><span class='ocrx_word' id='word_1_188' title='bbox 354 1740 366 1758; x_wconf 78' lang='lat'><strong>³</strong></span> <span class='ocrx_word' id='word_1_189' title='bbox 390 1741 436 1772; x_wconf 80' lang='lat' dir='ltr'>ad</span> <span class='ocrx_word' id='word_1_190' title='bbox 450 1741 657 1782; x_wconf 70' lang='lat' dir='ltr'>sapientiam</span> <span class='ocrx_word' id='word_1_191' title='bbox 673 1740 762 1772; x_wconf 83' lang='lat' dir='ltr'>later</span> <span class='ocrx_word' id='word_1_192' title='bbox 778 1740 882 1773; x_wconf 91' lang='lat' dir='ltr'><strong>MSS.</strong></span> <span class='ocrx_word' id='word_1_193' title='bbox 900 1755 909 1778; x_wconf 74' lang='grc' dir='ltr'><strong>ς</strong></span> <span class='ocrx_word' id='word_1_194' title='bbox 932 1742 1118 1784; x_wconf 74' lang='lat' dir='ltr'>sapientem</span> <span class='ocrx_word' id='word_1_195' title='bbox 1136 1741 1175 1775; x_wconf 93' lang='grc' dir='ltr'>Β.</span> 
     </span>
    </p>
   </div>
   <div class='ocr_carea' id='block_1_6' title="bbox 224 1833 1359 1879">
    <p class='ocr_par' dir='ltr' id='par_1_8' title="bbox 224 1833 1359 1879">
     <span class='ocr_line' id='line_1_28' title="bbox 224 1833 1359 1879; baseline 0.005 -15"><span class='ocrx_word' id='word_1_196' title='bbox 224 1840 239 1853; x_wconf 76' lang='lat'>‘¹</span> <span class='ocrx_word' id='word_1_197' title='bbox 264 1833 305 1864; x_wconf 90' lang='lat' dir='ltr'>In</span> <span class='ocrx_word' id='word_1_198' title='bbox 322 1833 423 1865; x_wconf 82' lang='lat' dir='ltr'>other</span> <span class='ocrx_word' id='word_1_199' title='bbox 439 1833 565 1867; x_wconf 83' lang='lat' dir='ltr'>words.</span> <span class='ocrx_word' id='word_1_200' title='bbox 584 1833 644 1864; x_wconf 84' lang='lat' dir='ltr'>the</span> <span class='ocrx_word' id='word_1_201' title='bbox 661 1833 941 1875; x_wconf 88' lang='lat' dir='ltr'>unchangeable,</span> <span class='ocrx_word' id='word_1_202' title='bbox 959 1835 1095 1875; x_wconf 86' lang='lat' dir='ltr'>perfect</span> <span class='ocrx_word' id='word_1_203' title='bbox 1113 1835 1226 1879; x_wconf 85' lang='lat' dir='ltr'>Being</span> <span class='ocrx_word' id='word_1_204' title='bbox 1241 1838 1281 1869; x_wconf 88' lang='lat' dir='ltr'>of</span> <span class='ocrx_word' id='word_1_205' title='bbox 1298 1838 1359 1870; x_wconf 90' lang='lat' dir='ltr'>the</span> 
     </span>
    </p>
   </div>
   <div class='ocr_carea' id='block_1_7' title="bbox 171 1875 1359 1961">
    <p class='ocr_par' dir='ltr' id='par_1_9' title="bbox 171 1875 1359 1961">
     <span class='ocr_line' id='line_1_29' title="bbox 171 1875 1359 1922; baseline 0.005 -15"><span class='ocrx_word' id='word_1_206' title='bbox 171 1878 332 1908; x_wconf 87' lang='lat' dir='ltr'>universe</span> <span class='ocrx_word' id='word_1_207' title='bbox 342 1878 371 1908; x_wconf 91' lang='lat' dir='ltr'>is</span> <span class='ocrx_word' id='word_1_208' title='bbox 384 1875 587 1908; x_wconf 79' lang='lat' dir='ltr'>contrasted</span> <span class='ocrx_word' id='word_1_209' title='bbox 600 1876 683 1908; x_wconf 80' lang='lat' dir='ltr'>with</span> <span class='ocrx_word' id='word_1_210' title='bbox 696 1876 758 1909; x_wconf 82' lang='lat' dir='ltr'>the</span> <span class='ocrx_word' id='word_1_211' title='bbox 771 1877 927 1909; x_wconf 84' lang='lat' dir='ltr'>mutable</span> <span class='ocrx_word' id='word_1_212' title='bbox 941 1877 1153 1921; x_wconf 87' lang='lat' dir='ltr'>Non-Being</span> <span class='ocrx_word' id='word_1_213' title='bbox 1165 1880 1205 1911; x_wconf 86' lang='lat' dir='ltr'>of</span> <span class='ocrx_word' id='word_1_214' title='bbox 1217 1882 1359 1922; x_wconf 89' lang='lat' dir='ltr'>opinion</span> 
     </span>
     <span class='ocr_line' id='line_1_30' title="bbox 172 1919 442 1961; baseline 0 -11"><span class='ocrx_word' id='word_1_215' title='bbox 172 1919 242 1951; x_wconf 80' lang='lat' dir='ltr'>and</span> <span class='ocrx_word' id='word_1_216' title='bbox 258 1919 442 1961; x_wconf 77' lang='lat' dir='ltr'>unreality.</span> 
     </span>
    </p>
   </div>
   <div class='ocr_carea' id='block_1_8' title="bbox 224 1962 1114 2046">
    <p class='ocr_par' dir='ltr' id='par_1_10' title="bbox 224 1962 1114 2046">
     <span class='ocr_line' id='line_1_31' title="bbox 224 1962 596 1998; baseline -0.003 -4"><span class='ocrx_word' id='word_1_217' title='bbox 224 1964 236 1982; x_wconf 63' lang='grc' dir='ltr'>ὁ</span> <span class='ocrx_word' id='word_1_218' title='bbox 261 1963 329 1998; x_wconf 81' lang='lat' dir='ltr'>i.e.‚</span> <span class='ocrx_word' id='word_1_219' title='bbox 347 1962 407 1994; x_wconf 84' lang='lat' dir='ltr'>the</span> <span class='ocrx_word' id='word_1_220' title='bbox 426 1963 596 1994; x_wconf 79' lang='lat' dir='ltr'>universe.</span> 
     </span>
     <span class='ocr_line' id='line_1_32' title="bbox 226 2005 1114 2046; baseline 0.003 -10"><span class='ocrx_word' id='word_1_221' title='bbox 226 2011 237 2025; x_wconf 53' lang='grc' dir='ltr'><em>Ρ</em></span> <span class='ocrx_word' id='word_1_222' title='bbox 261 2005 326 2037; x_wconf 84' lang='lat' dir='ltr'>See</span> <span class='ocrx_word' id='word_1_223' title='bbox 343 2006 376 2041; x_wconf 66' lang='grc' dir='ltr'>ἓξ</span> <span class='ocrx_word' id='word_1_224' title='bbox 393 2008 411 2036; x_wconf 90' lang='grc'>9</span> <span class='ocrx_word' id='word_1_225' title='bbox 427 2005 478 2041; x_wconf 85' lang='lat' dir='ltr'>ff.,</span> <span class='ocrx_word' id='word_1_226' title='bbox 497 2005 610 2037; x_wconf 87' lang='lat' dir='ltr'>which</span> <span class='ocrx_word' id='word_1_227' title='bbox 627 2006 708 2046; x_wconf 82' lang='lat' dir='ltr'>give</span> <span class='ocrx_word' id='word_1_228' title='bbox 724 2005 785 2038; x_wconf 87' lang='lat' dir='ltr'>the</span> <span class='ocrx_word' id='word_1_229' title='bbox 802 2006 937 2038; x_wconf 88' lang='lat' dir='ltr'>normal</span> <span class='ocrx_word' id='word_1_230' title='bbox 954 2006 1114 2040; x_wconf 86' lang='lat' dir='ltr'>division.</span> 
     </span>
    </p>
   </div>
   <div class='ocr_carea' id='block_1_9' title="bbox 176 2056 252 2095">
    <p class='ocr_par' dir='ltr' id='par_1_11' title="bbox 176 2056 252 2095">
     <span class='ocr_line' id='line_1_33' title="bbox 176 2056 252 2095; baseline 0.013 -2"><span class='ocrx_word' id='word_1_231' title='bbox 176 2056 252 2095; x_wconf 74' lang='lat'>376</span> 
     </span>
    </p>
   </div>
  </div>
 </body>
</html>
