1434 2333
120 459 163 495 11

409 106 523 142 THE
554 104 808 141 EPISTLES
840 104 911 141 OF
940 103 1151 141 SENECA

187 198 286 231 circa
315 194 431 230 aliam
460 196 665 230 materiam
703 196 895 241 occupata
933 194 994 228 sit.
1054 190 1227 237 Quidam
1265 190 1374 227 adie-

187 252 327 284 cerunt
369 247 428 282 his
466 251 633 295 partem,
672 259 791 295 quam
832 242 1075 293 οἰκονομικὴν
1112 249 1268 289 vocant,
1306 244 1374 281 ad-

187 303 341 337 munsti
343 300 469 336 ‘uidae
489 300 690 336 familiaris
710 302 765 335 rei
791 301 1007 335 scientiam.
1066 298 1241 344 Quidam
1261 302 1303 334 et
1322 297 1373 334 de

186 355 398 403 generibus
432 356 537 390 vitae
570 354 700 389 locum
739 356 1030 402 separavelunt.
1090 351 1201 388 Nihil
1239 356 1374 388 autem

187 408 327 443 horum
347 421 426 443 non
447 410 487 443 in
507 407 599 443 illa1
621 412 733 456 parte
754 406 891 442 morali
911 408 1141 455 reperietur.

254 461 439 509 Epicurei
486 460 582 497 duas
629 465 762 509 partes
809 459 1081 509 philosophiae
1134 463 1376 508 putaverunt

188 527 286 559 esse,
316 514 537 551 naturalem
571 519 692 563 atque
730 513 944 557 moralem3
990 512 1224 549 rationalem
1255 525 1377 549 remo-

189 573 341 605 verunt.
402 567 560 604 Deinde
577 581 666 604 cum
683 570 776 616 ipsis
796 567 913 603 rebus
934 571 1173 616 cogerentur
1191 566 1377 616 ambigua

189 634 408 667 secernere,
438 621 534 658 falsa
567 622 639 658 sub
673 623 805 670 specie
836 623 917 657 veri
950 621 1118 657 latentia
1150 632 1377 669 coarguere,

188 678 262 724 ipsi
309 688 466 724 quoque
508 675 651 720 locum,
696 688 816 724 quem
865 674 916 711 de
964 674 1110 711 iudicio
1157 678 1198 710 et
1239 673 1378 723 regula

189 728 406 777 appellant,
440 728 516 764 alio
549 731 709 765 nomine
748 728 981 764 rationalem
1019 727 1276 772 induxerunt,
1307 726 1378 763 sed

189 795 281 819 eum
321 785 585 818 accessionem
624 795 709 819 esse
748 782 937 818 naturalis
975 784 1096 830 partis
1135 783 1375 817 existimant.

191 836 394 885 Cyrenaici
426 835 619 871 naturalia
653 849 742 872 cum
775 835 1032 871 rationalibus
1062 834 1307 871 sustulerunt
1337 838 1380 870 et

190 892 370 926 contenti
408 888 571 926 fuerunt
608 889 832 934 moralibus,
871 888 942 925 sed
984 888 1025 924 hi
1071 901 1229 938 quoque
1276 900 1377 937 quae

190 948 409 987 removent,
433 943 550 979 aliter
574 942 780 979 inducunt.
842 942 888 977 In
912 945 1088 991 quinque
1115 944 1222 978 enim
1246 946 1378 990 partes

191 996 352 1032 moralia
371 996 568 1041 dividunt,
589 1001 633 1032 ut
655 1009 732 1033 una
753 999 802 1032 sit
826 996 876 1032 de
897 995 1098 1044 fugiendis
1119 1000 1160 1032 et
1180 994 1378 1044 petendiS,

191 1050 315 1086 altera
344 1050 394 1086 de
424 1049 659 1095 adfectibus,
680 1053 799 1086 tertia
828 1049 878 1086 de
907 1050 1142 1094 actionibus,
1163 1053 1303 1098 quarta
1328 1048 1379 1085 de

193 1106 330 1148 causis,
369 1106 509 1153 quinta
547 1103 597 1140 de
635 1106 889 1153 argumentis.
968 1103 1116 1140 Causae
1158 1115 1289 1139 rerum
1331 1115 1380 1138 ex

194 1157 361 1193 naturali
382 1162 494 1206 parte
515 1162 620 1202 sunt,
636 1162 871 1206 argumenta
887 1170 935 1193 ex
951 1156 1162 1193 rationali.‘-'
1219 1156 1380 1192 Ariston
1431 1186 1434 1206 ἔ

194 1210 314 1246 Chius
340 1224 419 1246 non
443 1215 601 1247 tantum
628 1223 886 1259 supervacuas
914 1223 999 1247 esse
1029 1210 1130 1247 dixit
1158 1209 1380 1247 naturalem

195 1269 235 1300 et
260 1264 523 1309 rationalem,3
543 1264 613 1300 sed
637 1267 757 1300 etiam
781 1266 1003 1300 contrarias.
1065 1263 1257 1300 Moralem
1285 1276 1381 1312 quo-

247 1340 257 1358 ¹
283 1351 351 1372 non
367 1340 405 1372 ’ἰιι
418 1340 478 1372 illa
493 1340 554 1372 the
570 1339 660 1372 later
676 1339 778 1373 MSS.
797 1353 805 1377 ;
829 1352 899 1372 non
915 1340 978 1372 illa
996 1339 1035 1372 B.

246 1382 259 1401 ²
281 1383 448 1415 rationali
463 1383 552 1415 later
568 1382 670 1415 MSS.
686 1396 694 1419 ς
717 1383 843 1415 morali
861 1383 898 1414 B.
950 1382 1144 1415 Buecheler
1162 1381 1285 1414 thinks
1301 1381 1382 1414 that

193 1437 214 1458 a
230 1426 357 1468 phrase
375 1431 533 1458 neutrum
546 1437 583 1458 er
596 1427 719 1458 morali
733 1437 815 1468 may
826 1426 916 1458 have
927 1425 1087 1468 dropped
1099 1428 1231 1458 out—‘⁶
1245 1425 1382 1458 neither

195 1469 342 1511 belongs
359 1471 397 1501 to
413 1469 474 1501 the
492 1475 500 1486 ⁴
513 1469 648 1501 moraL'
661 1470 678 1481 ⁷*

247 1512 260 1531 3
282 1513 486 1545 rationalem
502 1512 590 1545 later
607 1511 709 1545 MSS.
728 1526 736 1550 ;
752 1512 941 1555 formalem
959 1512 998 1545 B.

247 1596 263 1609 a
285 1589 355 1627 i.e.‚
376 1589 471 1621 “the
488 1592 738 1631 management
754 1589 794 1621 of
805 1589 867 1622 the
883 1589 1024 1622 home.”

246 1633 258 1651 ²>
281 1631 374 1665 That
390 1634 428 1672 is,
449 1633 489 1664 of
508 1633 570 1665 the
589 1634 727 1665 various
743 1636 816 1665 arts
833 1633 948 1665 which
972 1632 1051 1664 deal
1067 1632 1151 1664 with
1168 1631 1229 1664 the
1245 1631 1385 1674 depart-

196 1678 312 1707 ments
328 1676 369 1707 of
381 1676 502 1717 living,
521 1676 607 1708 such
624 1686 663 1708 as
679 1676 915 1718 generalship,
934 1675 1085 1718 pohtics,
1100 1675 1275 1712 business,
1294 1677 1360 1708 etc.

250 1724 261 1738 ⁰
285 1719 388 1760 Frag.
408 1721 470 1751 242
488 1719 637 1752 Usener.

248 1763 263 1781 ²
287 1762 421 1795 Seneca
439 1762 486 1804 by
503 1763 543 1794 de
558 1762 684 1794 iudicio
705 1764 734 1794 is
755 1762 969 1803 translating
991 1761 1052 1793 the
1076 1761 1196 1795 Greek
1211 1761 1385 1816 adjective

197 1807 358 1844 δικανικὸς,
389 1805 504 1837 ‘that
527 1805 640 1837 which
665 1805 728 1838 has
752 1808 789 1838 to
820 1805 865 1837 do
889 1805 974 1837 with
996 1805 1058 1837 the
1081 1807 1200 1837 courts
1223 1805 1263 1836 of
1282 1803 1385 1840 law‚‘'

196 1848 267 1880 and
284 1848 332 1890 by
348 1849 388 1880 de
404 1860 461 1890 rye
462 1848 522 1880 ula
544 1848 605 1881 the
629 1848 725 1881 word
749 1851 920 1884 κανονικός,
941 1847 1054 1880 “that
1077 1847 1188 1880 which
1205 1847 1269 1880 has
1286 1850 1322 1879 to
1339 1847 1384 1879 do

197 1891 280 1922 with
294 1891 422 1927 rules,'
433 1891 515 1923 here
527 1891 588 1923 the
601 1892 692 1924 rules
706 1892 746 1924 of
759 1892 860 1933 logie.
908 1891 983 1923 The
1000 1891 1217 1933 Epicureans
1230 1890 1318 1922 used
1331 1890 1385 1922 for

197 1934 287 1975 logie
304 1937 461 1974 κανονική,
481 1936 516 1966 in
538 1937 697 1967 contrast
712 1935 796 1967 with
821 1934 991 1967 Aristotle
1013 1934 1084 1966 and
1100 1934 1153 1966 his
1171 1943 1383 1969 successors‚

197 1977 285 2051 {Rhol
299 1977 387 2052 ιὲῗθᾶ
410 1980 534 2018 λογική.
582 1977 657 2010 The
682 1978 787 2011 Latin
811 1978 994 2010 rationalis
1021 1979 1050 2010 is
1073 1988 1095 2009 a
1118 1977 1326 2010 translation
1349 1975 1389 2008 of

240 2030 258 2051 e
287 2031 307 2051 a
342 2031 388 2053 er.

201 2075 277 2107 384
