1434 2333
115 535 161 571 16

115 1645 162 1681 18

405 79 519 116 THE
549 80 801 118 EPISTLES
831 82 902 119 OF
931 81 1141 119 SENECA

181 177 225 200 ac
254 165 433 211 difficilis,
453 179 528 203 nec
554 167 759 204 meliorem
788 168 920 205 hilaris
946 174 987 205 et
1015 169 1129 206 laeta.
1191 169 1363 205 Necesse

181 231 243 262 est
269 240 363 276 ergo
392 241 462 276 par
487 229 565 265 sit..¹
624 229 671 264 In
698 235 864 280 utraque
891 233 997 267 enim
1023 231 1128 280 quod
1155 230 1212 275 fit,
1237 243 1363 279 aeque

180 293 289 324 recte
328 289 384 335 fit,
418 303 543 340 aeque
581 291 812 340 prudenter,
845 305 971 341 aeque
1009 292 1186 329 honeste.
1259 291 1364 341 Ergo

179 351 359 400 aequalia
397 357 489 388 sunt
522 353 637 398 bona,
666 353 769 390 ultra
800 355 928 403 quae'2
957 368 1031 391 nec
1062 354 1125 390 hic
1156 358 1289 403 potest
1323 366 1364 389 se

180 413 320 449 melius
346 416 387 449 in
416 413 490 450 hoc
518 414 664 463 gaudio
690 428 828 464 gerere
857 429 931 452 nec
957 415 1025 452 ille
1050 415 1191 452 melius
1220 418 1261 450 in
1289 414 1365 450 illis

180 476 427 512 cruciatibus.
505 475 596 512 Duo
626 482 774 522 autem,
805 478 945 526 quibus
976 477 1075 513 nihil
1108 477 1191 514 fieri
1224 477 1365 513 melius

181 541 326 585 potest,
360 539 466 585 paria
504 542 606 574 sunt.
682 538 781 574 Nam
816 541 859 583 si,
894 552 994 588 quae
1033 543 1144 574 extra
1177 540 1366 574 virtutem

180 601 309 646 posita
337 603 442 644 sunt,
471 604 540 635 aut
572 602 750 636 minuere
776 600 885 636 illam
917 605 986 636 aut
1012 613 1157 649 augere
1188 604 1366 648 possunt,

180 660 327 696 desinit
357 673 479 696 unum
508 661 655 697 bonum
684 674 781 706 esse,
805 661 911 711 quod
939 661 1162 698 honestum.
1223 660 1263 697 Si
1290 660 1367 697 hoc

180 725 430 767 concesseris,
447 736 564 759 omne
580 722 792 759 honestum
812 727 924 772 perit.
985 723 1144 769 Quare?
1201 722 1366 759 Dicam:

180 786 271 832 quia
284 783 382 819 nihil
396 783 609 820 honestum
622 789 696 830 est,
709 785 814 834 quod
827 785 876 821 ab
890 788 1026 830 invito,
1040 784 1145 834 quod
1159 789 1338 821 coactum
1351 785 1366 807 3

180 845 233 881 fit.
308 845 438 882 Omne
476 845 690 882 honestum
728 846 993 882 voluntarium
1030 851 1100 883 est.
1180 846 1364 883 Admisce

180 906 237 942 illi
272 910 484 956 pigritiam,
514 907 744 956 querellam,
779 910 1160 957 tergiversationem,
1189 913 1365 951 metum3

181 969 287 1017 quod
320 969 444 1005 habet
477 972 517 1004 in
551 982 591 1005 se
626 973 833 1017 optimum,
867 970 1055 1018 perdidit,
1089 970 1162 1006 sibi
1195 969 1362 1018 placere.

183 1031 272 1066 Non
301 1035 434 1079 potest
466 1030 680 1067 honestum
709 1043 807 1076 esse,
837 1031 943 1080 quod
972 1044 1052 1067 non
1084 1036 1144 1067 est
1172 1031 1364 1074 liberum3

180 1105 272 1128 nam
301 1092 406 1141 quod
436 1095 564 1137 timet,
590 1095 719 1128 servit.
780 1093 1009 1129 Honestum
1037 1105 1153 1129 omne
1183 1105 1363 1129 securum

181 1159 254 1199 est,
274 1154 531 1204 tranquillum
553 1158 637 1196 est;
667 1156 697 1189 si
724 1159 878 1190 recusat
904 1153 1065 1203 aliquid,
1086 1157 1117 1190 si
1147 1155 1363 1203 conplorat,

181 1219 211 1253 si
226 1216 374 1252 malum
393 1215 555 1260 iudicat,
572 1215 909 1264 perturbationem
926 1218 1076 1264 recepit
1098 1220 1139 1252 et
1158 1218 1199 1251 in
1221 1229 1363 1265 magna

180 1277 373 1314 discordia
393 1277 602 1313 volutatur.
663 1277 770 1312 Hinc
800 1279 906 1313 enim
935 1279 1085 1325 species
1111 1280 1208 1313 recti
1236 1284 1362 1323 vocat,

179 1339 288 1375 illinc
326 1342 494 1388 suspicio
532 1338 624 1374 mali
662 1338 838 1375 retrahit.
912 1338 1052 1388 Itaque
1089 1342 1156 1387 qui
1194 1339 1361 1376 honeste

180 1400 329 1450 aliquid
354 1400 527 1436 facturus
555 1405 628 1444 est,
656 1399 842 1449 quicquid
868 1402 1090 1448 opponitur,
1116 1399 1157 1436 id
1184 1403 1303 1436 etiam
1331 1405 1360 1437 si

180 1462 474 1499 incommodum
503 1466 631 1510 putat,
659 1461 804 1497 malum
832 1474 910 1496 non
940 1466 1068 1510 putet,
1097 1461 1205 1506 velit,
1235 1461 1360 1498 libens

180 1524 308 1561 faciat.
369 1524 500 1560 Omne
527 1523 739 1559 honestum
758 1525 946 1559 iniussum
966 1526 1266 1572 incoactumque
1288 1530 1359 1569 est,

182 1589 377 1623 sincerum
399 1590 440 1622 et
460 1585 559 1621 nulli
579 1584 681 1620 malo
700 1587 878 1621 mixtum.

249 1647 350 1693 Scio,
371 1647 467 1696 quid
492 1646 589 1683 mihi
615 1646 841 1696 responderi
865 1645 937 1681 hoc
963 1645 1048 1681 loco
1073 1648 1216 1694 possit:
1248 1647 1359 1684 “hoc

466 1739 476 1758 ¹
497 1751 568 1782 par
583 1740 627 1771 sit
644 1738 786 1775 Haase;
805 1749 892 1780 pars
905 1737 948 1769 sit
963 1747 986 1778 p
1002 1740 1068 1769 etc.

416 1782 429 1802 '2
451 1784 544 1815 ultra
562 1794 645 1824 quae
663 1781 804 1818 Haase3
828 1781 1002 1821 litteraque
1020 1779 1120 1812 MSS.

213 1827 225 1846 ²³
249 1831 401 1859 eoactum
418 1826 540 1858 Haase
554 1839 562 1862 ;
586 1836 646 1857 (teo
662 1829 775 1857 actum
790 1835 835 1865 p;
858 1835 879 1855 a
895 1827 1006 1855 coacto
1023 1822 1081 1854 Vb
1096 1836 1104 1859 ς
1127 1834 1187 1854 aco
1203 1828 1277 1855 acto
1296 1824 1331 1856 P.

235 1947 248 1960 α
276 1940 328 1982 Cf.
356 1938 490 1974 Cicero,
515 1938 566 1970 De
590 1938 667 1969 Fin.
695 1938 727 1968 ii.
756 1937 795 1966 14
820 1934 844 1967 f.
893 1932 1077 1965 Raekham
1103 1933 1290 1966 translates
1317 1946 1355 1967 as

184 1988 206 2001 “
219 1983 328 2014 moral
345 1981 559 2021 worth,''—a
575 1981 822 2012 reminiscence
837 1977 877 2009 of
889 1979 923 2008 τὸ
940 1978 1046 2008 καλὸν.

187 2040 233 2071 12
