1434 2333
414 114 529 151 THE
559 114 813 152 EPISTLES
844 114 915 152 OF
943 114 1153 152 SENECA

189 212 300 248 spem
337 203 492 237 venturi
525 200 620 237 hiat.
695 201 807 238 Idem
842 204 978 238 evenit
1010 201 1146 245 nobis3
1188 200 1378 251 quicquid

189 272 494 319 expectantibus
515 271 673 308 fortuna
694 275 874 320 proiecit,
894 272 934 309 id
955 274 1039 309 sine
1066 271 1147 308 ulla
1173 271 1378 321 voluptate

188 339 437 377 demittimus
479 344 627 387 statim,
665 342 715 378 ad
753 345 930 392 rapinam
968 342 1130 379 alterius
1175 345 1299 379 erecti
1338 347 1380 378 et

187 410 396 447 adtoniti.’'
471 412 560 448 Hoc
599 415 768 461 sapienti
806 426 886 449 non
925 416 1083 456 evenit3
1125 412 1266 462 plenus
1305 417 1376 449 est.

188 481 320 517 Etiam
360 485 390 518 si
429 482 524 532 quid
563 484 739 528 obvenit,
774 497 910 520 secure
949 486 1097 533 excipit
1130 496 1174 519 ac
1208 486 1375 532 reponit.

146 552 167 588 9
189 550 361 588 Laetitia
377 552 522 589 fruitur
537 556 719 599 maxima,
737 556 938 599 continua,
955 567 1033 590 sua.
1085 554 1224 590 Habet
1239 553 1379 603 aliquis

187 622 331 658 bonam
351 623 613 669 voluntatem,
634 624 757 661 habet
776 623 1013 673 profectum,
1035 624 1104 661 sed
1125 627 1187 661 cui
1208 623 1378 660 multum

186 692 290 728 desit
311 707 333 729 a
360 706 536 737 summo;
564 694 629 730 hic
656 694 892 743 deprimitur
917 695 1079 731 alternis
1107 700 1148 731 et
1175 694 1381 731 extollitur

186 776 230 798 ac
268 764 385 800 modo
423 767 464 800 in
503 764 657 801 caelum
700 765 919 811 adlevatur,
958 765 1074 801 modo
1112 764 1292 801 defertur
1329 764 1379 801 ad

186 839 342 870 terram.
399 834 598 884 Imperitis
612 836 623 858 ¹
646 849 690 872 ac
711 836 873 872 rudibus
893 836 1024 872 nullus
1041 838 1379 885 praecipitationis

185 905 272 941 finis
302 910 387 948 est3
415 908 456 941 in
486 905 726 954 Epicureum
756 905 855 942 illud
883 906 1000 942 chaos
1020 906 1227 951 decidunt,
1246 909 1378 951 inane,

120 976 167 1012 10
185 978 268 1012 sine
297 978 476 1012 termino.
537 976 609 1013 Est
636 976 766 1013 adhuc
795 990 922 1026 genus
951 979 1113 1013 tertium
1142 989 1290 1022 eorum,
1311 978 1378 1026 qui

186 1049 404 1095 sapientiae
431 1046 641 1092 adludunt,
662 1060 781 1096 quam
810 1060 888 1083 non
916 1047 1078 1097 quidem
1108 1050 1379 1096 contigerunt,

185 1119 224 1152 in
247 1122 463 1166 conspectu
484 1122 620 1153 tamen
642 1123 696 1163 et,
714 1122 757 1154 ut
778 1121 834 1154 ita
854 1117 995 1163 dicam,
1013 1118 1085 1154 sub
1100 1120 1182 1153 ictu
1202 1117 1378 1162 habent;

185 1187 226 1223 hi
246 1200 326 1223 non
354 1191 649 1233 concutiuntur,
670 1201 721 1224 ne
748 1187 929 1225 defluunt
955 1188 1127 1238 quidem.
1189 1188 1376 1225 Nondum

184 1260 225 1293 in
246 1261 360 1303 sicco,
382 1261 459 1294 iam
480 1261 520 1294 in
541 1263 658 1308 portu
680 1263 782 1295 sunt.

119 1330 161 1366 11
253 1329 359 1378 Ergo
380 1343 469 1365 cum
490 1335 572 1366 tam
593 1342 737 1378 magna
764 1333 844 1366 sint
870 1333 975 1367 inter
1001 1343 1173 1367 summos
1199 1334 1379 1381 imosque

185 1399 424 1445 discrimina,
463 1413 553 1436 cum
590 1399 743 1436 medios
781 1413 939 1449 quoque
984 1406 1173 1450 sequatur
1209 1400 1379 1438 fluctus2

185 1485 291 1517 suus,
305 1476 494 1521 sequatur
506 1474 647 1521 ingens
661 1471 882 1521 periculum
897 1471 947 1507 ad
961 1471 1158 1508 deteriora
1170 1471 1379 1519 redeundi,

185 1556 265 1579 non
281 1542 474 1579 debemus
490 1541 815 1591 occupationibus
830 1541 1050 1591 indulgere.
1093 1542 1378 1581 Excludendae

186 1618 302 1657 sunt;
333 1616 363 1648 si
391 1613 514 1649 semel
539 1614 788 1657 intraverint,
809 1614 850 1648 in
876 1611 1006 1648 locum
1033 1625 1146 1648 suum
1173 1613 1267 1650 alias
1288 1614 1378 1650 sub-

185 1688 365 1722 stituent.
428 1684 632 1734 Principiis
666 1687 821 1723 illarum
850 1686 1063 1722 obstemus.
1126 1685 1269 1721 Melius
1299 1698 1376 1720 non

185 1758 392 1805 incipient,
413 1769 530 1805 quam
553 1757 750 1794 desinent.
810 1756 929 1793 VALE.

400 1840 410 1859 ¹
437 1841 603 1882 inmeritis
619 1841 707 1873 later
724 1839 826 1873 MSS.
845 1854 853 1877 ;
879 1840 1049 1882 impeditis
1066 1839 1165 1871 VPb.

441 1883 453 1902 2
469 1884 600 1926 fluctus
617 1884 705 1916 later
722 1883 824 1916 MSS.
843 1897 851 1921 ς
868 1884 1010 1926 fructus
1028 1882 1127 1915 VPb.

237 1959 251 1972 <¹
276 1951 351 1983 The
375 1951 470 1984 Void
495 1953 638 1994 (inane),
656 1964 695 1985 or
711 1952 848 1984 infinite
872 1962 989 1993 space,
1007 1962 1045 1983 as
1070 1951 1275 1983 contrasted
1292 1950 1376 1983 with

184 1995 245 2027 the
267 1998 383 2027 atonis
401 1995 514 2027 which
532 1996 623 2028 form
641 2007 719 2028 new
736 1995 862 2028 worlds
879 1997 913 2026 in
931 1996 1142 2027 continuous
1160 1996 1373 2027 succession.

190 2085 263 2116 102
