1434 2333
393 129 509 165 THE
539 128 794 165 EPISTLES
824 128 895 165 OF
924 128 1135 166 SENECA

169 213 371 263 producta.
445 213 633 250 Ceterum
667 216 834 250 sciamus
867 217 1063 263 mancipia
1095 219 1229 251 nostra
1263 227 1362 261 esse,

169 303 249 326 non
270 294 402 338 partes
418 302 426 332 ;
456 295 497 326 et
513 292 592 326 sint
608 289 715 339 apud
729 303 814 335 nos,
831 290 901 327 sed
920 293 989 336 ita,
1005 296 1049 327 ut
1065 294 1361 328 meminerimus

169 371 282 402 extra
301 379 372 402 nos
393 379 489 403 esse.
549 367 681 403 Etiam
698 369 728 403 si
748 367 855 416 apud
870 381 940 404 nos
957 370 1049 413 sint,
1064 371 1171 405 inter
1186 369 1364 405 subiecta

170 449 212 480 et
245 443 410 480 humilia
443 450 705 482 numerentur
738 451 901 495 propter
934 459 1034 496 quae
1069 459 1186 483 nemo
1220 459 1261 483 se
1295 444 1364 482 ad-

170 520 311 557 tollere
343 520 499 558 debeat.
563 520 670 566 Quid
702 524 809 558 enim
843 522 1003 559 stultius
1038 536 1156 572 quam
1189 522 1362 571 aliquem

103 602 150 637 18
171 610 218 633 eo
248 598 321 633 sibi
356 597 528 646 placere,
558 598 664 647 quod
698 601 782 647 ipse
817 612 898 634 non
927 598 1056 635 fecit?
1113 599 1259 636 Omnia
1287 602 1363 636 ista

170 674 283 709 nobis
304 673 511 719 accedant,
532 687 613 710 non
639 673 845 719 haereant,
866 680 910 711 ut
937 677 968 711 si
995 675 1258 721 abducentur,
1279 678 1363 712 sine

171 749 250 785 ulla
274 752 398 785 nostri
424 749 665 786 laceratione
692 750 912 788 discedant.
972 751 1143 788 Utamur
1168 751 1257 797 illis,
1284 765 1364 788 non

171 825 398 874 gloriemur,
420 831 461 862 et
489 831 647 862 utamur
674 839 789 875 parce
817 832 1020 877 tamquam
1047 828 1237 878 depositis
1258 828 1364 878 apud

172 915 242 938 nos
272 907 313 938 et
342 902 518 939 abituris.
578 901 767 952 Quisquis
793 903 861 939 illa
887 907 971 941 sine
996 908 1148 941 ratione
1176 905 1366 954 possedit,

172 993 252 1015 non
291 979 357 1016 diu
398 982 543 1025 tenuit,
581 982 667 1029 ipsa
705 984 811 1017 enim
851 995 892 1018 se
930 981 1113 1027 felicitas,
1152 985 1227 1018 nisi
1264 987 1365 1019 tem-

173 1061 345 1105 peratur,
368 1059 523 1104 premit.
584 1055 624 1092 Si
652 1056 913 1106 fugacissimis
942 1059 1056 1095 bonis
1082 1059 1266 1105 credidit,
1287 1063 1367 1096 cito

174 1132 371 1169 deseritur
409 1138 463 1177 et,
504 1138 548 1169 ut
586 1146 667 1169 non
706 1133 924 1180 deseratur,
957 1135 1167 1184 adfligitur.
1229 1136 1366 1172 Paucis

173 1209 377 1258 deponere
398 1209 632 1246 felicitatem
661 1210 837 1246 molliter
863 1210 999 1255 licuit3
1038 1215 1161 1248 ceteri
1191 1225 1280 1248 cum
1308 1215 1366 1257 iis,

174 1289 279 1322 inter
298 1299 399 1335 quae
421 1288 638 1331 eminuere,
654 1285 843 1323 labuntur
863 1292 905 1323 et
924 1287 1011 1324 illos
1031 1288 1251 1337 degravant
1271 1292 1367 1338 ipsa,

106 1369 154 1406 19
175 1375 276 1412 quae
298 1362 535 1398 extulerant.
597 1362 694 1398 Ideo
723 1362 981 1400 adhibebitur
1010 1364 1235 1414 prudentia,
1265 1378 1366 1414 quae

174 1440 336 1476 modum
384 1439 460 1476 illis
506 1444 575 1476 aut
624 1443 903 1489 parsimoniam
950 1444 1142 1492 imponat,
1180 1446 1367 1493 quoniam

175 1518 337 1567 quidem
373 1518 536 1553 licentia
567 1530 662 1566 opes
696 1530 783 1553 suas
816 1521 1053 1567 praecipitat
1086 1525 1206 1569 atque
1238 1525 1365 1569 urget.

178 1595 262 1631 Nec
284 1607 471 1644 umquam
491 1594 689 1630 inmodica
709 1594 914 1641 durarunt,
934 1598 1010 1633 nisi
1037 1596 1104 1633 illa
1127 1597 1367 1634 moderatrix

175 1674 275 1708 ratio
291 1673 532 1720 conpescuit.
584 1671 674 1707 Hoc
690 1672 903 1708 multarum
920 1673 992 1709 tibi
1010 1673 1165 1710 urbium
1182 1673 1369 1711 ostendet

176 1752 356 1792 eventus,
378 1760 543 1798 quarum
568 1750 609 1783 in
633 1750 717 1797 ipso
740 1747 833 1785 flore
858 1749 1055 1786 luxuriosa
1082 1753 1247 1800 imperia
1268 1754 1368 1788 ceci-

176 1824 323 1861 derunt
339 1829 381 1861 et
402 1823 590 1873 quicquid
606 1827 753 1860 virtute
774 1829 931 1873 partum
948 1831 1045 1871 erat,
1062 1829 1369 1876 intemperantia

229 1954 244 1966 <¹
268 1947 446 1978 Producta
470 1948 498 1978 is
522 1957 543 1978 a
566 1947 775 1979 translation
799 1948 840 1979 of
857 1947 918 1979 the
935 1948 1031 1981 Stoic
1055 1953 1144 1982 term
1169 1955 1365 1991 προηγμένα.

177 1989 287 2063 {gista
311 1990 403 2021 clear
427 1991 623 2032 exposition
646 1990 686 2022 of
706 1990 776 2022 this
800 1993 895 2033 topic
915 2002 974 2023 see
996 1992 1130 2031 Cicero,
1148 1993 1200 2026 De
1221 1994 1299 2028 Fin.
1320 1995 1365 2026 iii.

183 2090 255 2121 124
