1434 2333
403 120 518 156 THE
548 116 802 155 EPISTLES
833 116 904 153 OF
934 115 1143 154 SENECA

177 220 226 243 ne
249 207 395 243 tardior
421 206 596 256 quidem,
618 208 803 255 quoniam
829 205 1001 242 multum
1030 208 1212 251 interest,
1233 209 1365 242 utrum

110 282 157 319 18
176 277 325 326 aliquid
354 278 487 314 obstet
521 282 691 322 tantum,
721 290 771 312 an
809 276 999 326 inpediat.
1058 276 1212 312 Eodem
1249 275 1368 311 modo

177 350 314 383 virtuti
343 350 524 397 opposita
551 346 649 383 nihil
671 347 912 391 detrahunt3
942 360 1022 383 non
1048 351 1109 383 est
1139 349 1278 391 minor,
1300 345 1369 382 sed

178 420 307 453 minus
328 417 468 466 fulget.
531 418 653 454 Nobis
683 416 847 453 forsitan
867 430 946 453 non
976 430 1102 466 aeque
1131 421 1297 466 apparet
1326 428 1370 451 ac

179 492 296 534 nitet,
318 489 389 524 sibi
411 488 551 525 eadem
574 494 634 525 est
664 494 705 525 et
725 501 833 525 more
859 488 949 525 solis
976 488 1129 525 obscuri
1154 490 1194 523 in
1215 486 1371 523 occulto

180 562 260 595 viin
297 572 407 596 Suam
437 564 608 596 exercet.
671 559 759 595 Hoc
796 562 931 609 itaque
961 559 1148 595 adversus
1182 560 1372 594 virtutem

182 635 347 679 possunt
389 630 635 666 calamitates
681 635 723 666 et
770 630 914 666 damna
958 634 999 666 et
1046 631 1226 674 iniuriae,
1267 627 1373 677 quod

182 700 366 736 adversus
388 700 509 736 solem
531 705 665 749 potest
685 700 841 737 nebula.

116 777 163 813 19
253 770 472 816 Invenitur,
511 774 577 820 qui
616 771 723 807 dicat
767 774 989 820 sapientem
1029 783 1190 820 corpore
1238 782 1375 819 parum

185 854 370 890 prospero
394 855 505 878 usum
532 855 606 878 nee
635 844 822 878 miserum
844 854 929 878 esse
960 854 1033 877 nee
1063 841 1235 877 beatum.
1297 840 1377 876 Hic

186 925 343 961 quoque
383 912 545 958 fallitur,
581 917 776 961 exaequat
816 915 921 948 enim
961 911 1126 948 fortuita
1166 911 1377 948 virtutibus

187 987 228 1018 et
267 982 515 1019 tandundem
550 983 690 1019 tribuit
729 982 907 1020 honestis
940 987 1135 1031 quantum
1165 981 1377 1018 honestate

188 1054 424 1091 carentibus.
484 1053 593 1099 Quid
642 1058 775 1090 autem
825 1053 994 1098 foedius,
1033 1052 1128 1102 quid
1177 1052 1379 1101 indignius

188 1137 305 1173 quam
328 1127 542 1174 comparari
566 1124 791 1161 veneranda
816 1125 1088 1172 contemptis?
1144 1122 1380 1159 Veneranda

190 1199 295 1231 enim
319 1200 411 1231 sunt
438 1198 600 1240 iustitia,
622 1198 763 1244 pietas,
784 1194 894 1240 fides,
915 1194 1122 1239 fortitudo,
1143 1193 1381 1243 prudentia;

190 1278 211 1302 e
233 1268 428 1302 contrario
450 1265 540 1301 vilia
561 1271 666 1310 sunt,
684 1278 784 1314 quae
807 1277 924 1314 saepe
945 1267 1186 1314 contingunt
1207 1264 1382 1313 pleniora

190 1336 398 1382 vilissimis,
439 1350 524 1373 crus
563 1337 733 1373 solidum
773 1342 814 1372 et
856 1336 1027 1372 lacertus
1066 1340 1108 1372 et
1151 1334 1295 1371 dentes
1343 1339 1384 1371 et

123 1419 171 1454 20
192 1408 391 1443 tororum1
433 1410 577 1443 sanitas
616 1407 869 1456 firmitasque.
948 1405 1106 1442 Deinde
1146 1408 1176 1441 si
1215 1407 1384 1453 sapiens,

193 1480 255 1513 cui
285 1490 424 1526 corpus
462 1478 675 1514 molestum
706 1482 779 1522 est,
810 1479 1032 1517 neemiser
1060 1475 1273 1512 habebitur
1310 1487 1384 1511 nec

196 1550 347 1594 beatus,
368 1549 437 1586 sed
467 1552 507 1585 in
535 1549 696 1586 medio2
725 1548 987 1598 relinquetur,
1008 1550 1089 1584 vita
1118 1559 1275 1596 quoque
1301 1548 1384 1582 eius

194 1633 268 1657 nec
289 1620 517 1669 adpetenda
547 1623 621 1656 erit
649 1633 723 1656 nee
750 1619 950 1668 fugienda.
1011 1618 1119 1664 Quid
1149 1622 1283 1654 autem
1305 1621 1383 1652 tam

195 1691 408 1727 absurdum
446 1704 565 1740 quam
604 1693 794 1740 sapientis
839 1693 961 1726 vitam
999 1687 1270 1738 adpetendam
1308 1699 1387 1722 non

197 1762 311 1798 esse?
368 1761 451 1798 Aut
472 1761 567 1811 quid
588 1767 670 1798 tam
692 1766 803 1798 extra
824 1760 943 1797 fidem
971 1773 1089 1809 quam
1110 1772 1195 1796 esse
1215 1758 1385 1807 aliquam

197 1834 318 1868 vitam
348 1845 422 1869 nec
450 1832 721 1881 adpetendain
750 1845 824 1868 nec
853 1830 1114 1881 fugiendam?
1172 1828 1332 1865 Deinde
1357 1829 1387 1863 si

251 1945 262 1963 ¹
287 1949 439 1976 tororum
471 1944 612 1986 Capps;
636 1944 755 1976 horum
788 1942 891 1976 MSS.
911 1957 920 1981 ς
953 1947 1135 1975 ceterorum
1170 1940 1388 1977 Buecheler3

198 1998 379 2019 *nervorum
396 1987 638 2028 Kronenberg.

252 2030 264 2048 2
290 2030 321 2061 e'n
343 2031 448 2062 malin
466 2030 552 2062 later
571 2029 672 2062 MSS.
694 2043 701 2065 3
728 2030 833 2062 medio
853 2029 927 2061 BA.

200 2087 275 2118 458
