1434 2333
405 122 522 159 THE
553 120 810 159 EPISTLES
840 120 911 158 OF
941 120 1151 158 SENECA

186 215 289 253 tam3
319 222 399 246 non
419 214 556 246 tamen
577 209 667 246 ideo
688 221 737 246 ex
758 207 963 258 sacrilegio
978 211 1147 257 pecunia
1163 213 1236 254 est,
1253 211 1374 245 etiam

185 267 215 300 si
232 276 279 300 ex
297 263 503 312 sacrilegio
519 265 697 299 sumitur.
751 262 841 298 Hoc
857 264 911 298 sic
926 261 1122 311 intellege
1138 276 1145 298 :
1176 264 1216 298 in
1233 262 1374 299 eadem

186 330 281 353 urna
302 322 344 353 et
363 330 502 353 aurum
523 321 584 353 est
605 321 647 353 et
668 318 811 365 vipera.
871 315 913 352 Si
938 328 1077 352 aurum
1105 329 1153 352 ex
1173 328 1272 352 urna
1293 329 1373 352 sus-

183 370 335 415 tuleris,
351 373 443 419 quia
463 370 543 407 illic
561 375 602 407 et
622 373 757 419 vipera
777 374 850 415 est,
867 382 948 406 non
967 369 1072 415 ideo,
1087 372 1262 419 inquam,
1277 368 1374 405 mihi

184 437 281 460 urna
301 437 438 460 aurum
459 424 542 469 dat,
563 427 654 473 quia
674 427 849 473 viperam
876 423 1011 468 habet,
1032 423 1102 460 sed
1128 436 1265 459 aurum
1293 423 1374 468 dat,

185 491 274 513 cum
295 482 336 514 et
357 481 531 526 viperam
551 477 709 514 habeat.
770 477 923 513 Eodem
950 477 1068 513 modo
1095 490 1144 514 ex
1169 476 1374 526 sacrilegio

184 531 336 567 lucrum
357 531 414 576 fit,
435 545 515 567 non
535 534 626 581 quia
653 536 770 580 turpe
797 535 840 567 et
866 530 1103 567 sceleratum
1132 535 1193 567 est
1220 530 1375 567 sacrile-
1419 578 1421 580 q

184 587 308 634 gium,
329 585 398 621 sed
419 588 510 634 quia
532 590 573 622 et
593 585 747 621 lucrum
773 584 906 621 habet.
967 584 1315 630 Quemadmodum
1335 587 1375 620 in

184 638 252 674 illa
280 651 377 674 urna
406 642 539 687 vipera
573 639 722 675 malum
757 643 830 683 est,
860 651 941 675 non
969 651 1121 683 aurum,
1150 638 1257 688 quod
1286 651 1374 674 cum

185 695 319 741 vipera
344 694 461 737 iacet,
488 695 542 728 sic
570 695 611 728 in
638 692 844 741 sacrilegio
870 692 1018 728 malum
1047 697 1108 728 est
1134 692 1274 737 scelus,
1295 705 1375 728 non

115 742 163 780 27
184 745 375 782 lucrum.”
435 746 471 781 A
501 747 643 795 quibus
681 746 925 782 dissentiol:
969 745 1230 782 dissimillima
1269 748 1374 782 enim

185 802 391 848 utriusque
412 802 468 836 rei
489 799 668 836 condicio
696 805 767 836 est.
828 799 914 836 Illic
941 813 1078 836 aurum
1105 812 1264 848 possum
1291 802 1376 835 sine

185 856 317 902 vipera
344 852 499 898 tollere,
524 853 588 889 hic
613 853 766 890 lucrum
793 856 877 889 sine
905 853 1111 902 sacrilegio
1137 853 1268 889 facere
1295 865 1375 889 non

184 919 353 955 possum.
414 907 586 943 Lucrum
624 907 731 943 istud
770 920 849 943 non
879 912 940 943 est
969 907 1194 956 adpositum
1224 906 1376 951 sceleri,

185 960 254 997 sed
276 963 498 997 inmixtum.

116 1015 164 1051 28
252 1014 407 1059 “Quod
447 1014 542 1051 dum
581 1017 769 1063 consequi
803 1014 997 1059 volumus,
1030 1017 1071 1050 in
1110 1014 1235 1050 multa
1271 1014 1376 1050 mala

184 1067 408 1113 incidimus,
436 1068 476 1104 id
502 1069 651 1105 bonum
680 1081 759 1104 non
791 1073 862 1105 est.
923 1067 1031 1104 Dum
1057 1067 1214 1104 divitias
1240 1073 1375 1104 autem

185 1124 373 1171 consequi
408 1122 600 1167 volumus,
630 1125 671 1158 in
700 1122 825 1158 multa
862 1121 966 1157 mala
1004 1121 1238 1164 incidimus3
1282 1134 1376 1170 ergo
1427 1144 1428 1154 1

185 1175 348 1212 divitiae
375 1176 524 1212 bonum
551 1189 630 1212 non
658 1175 788 1212 sunt.'’
848 1175 1032 1220 “Duas,'’
1055 1178 1198 1224 inquit,
1219 1178 1376 1224 “signi—

185 1228 389 1265 ficationes
415 1229 539 1266 habet
565 1231 780 1278 propositio
808 1234 950 1273 vestra,
977 1242 1119 1264 unam:
1155 1229 1250 1265 dum
1278 1229 1375 1265 divi-

186 1285 260 1318 tias
290 1286 479 1331 consequi
508 1283 701 1328 volumus,
730 1285 771 1318 in
798 1282 926 1318 multa
954 1295 1025 1318 nos
1053 1282 1158 1318 mala
1186 1282 1373 1319 incidere.

188 1335 235 1371 In
254 1336 381 1372 multa
400 1341 536 1372 autem
557 1336 659 1372 mala
679 1336 889 1372 incidimus
905 1341 947 1372 et
963 1335 1058 1372 dum
1074 1338 1263 1372 virtutem
1284 1349 1376 1372 con-

187 1392 298 1438 sequi
328 1389 519 1426 volumus.
587 1389 743 1439 Aliquis
772 1389 868 1426 dum
907 1392 1068 1438 navigat
1097 1389 1218 1425 studii
1248 1402 1375 1434 causa,

118 1444 166 1480 29
186 1442 434 1492 naufragium
465 1443 575 1488 fecit,
604 1443 745 1493 aliquis
784 1448 923 1492 captus
957 1448 1028 1480 est.
1088 1443 1227 1479 Altera
1256 1446 1376 1492 signi-

187 1496 316 1533 ficatio
337 1497 426 1533 talis
448 1502 531 1533 est:
561 1510 632 1546 per
658 1497 762 1546 quod
790 1500 831 1533 in
857 1497 960 1533 mala
983 1497 1206 1542 incidimus,
1226 1497 1374 1533 bonum

186 1563 267 1586 non
288 1555 358 1587 est.
421 1551 528 1587 Huic
549 1553 807 1600 propositioni
835 1564 915 1587 non
937 1554 1011 1587 erit
1038 1563 1285 1600 consequens
1306 1563 1377 1600 per

324 1661 333 1680 ¹
359 1673 379 1692 a
396 1661 515 1704 quibus
531 1662 690 1694 dissentio
707 1661 795 1694 later
812 1661 913 1695 MSS.
933 1675 942 1699 ς
966 1673 985 1693 α
1003 1662 1121 1704 quibus
1136 1661 1234 1694 VPb.

238 1828 253 1842 α
276 1821 368 1854 That
385 1822 498 1854 riches
522 1833 581 1854 are
604 1825 666 1855 not
686 1833 707 1854 a
729 1822 835 1864 good,
854 1823 918 1854 but
940 1823 1073 1864 merely
1093 1833 1139 1854 an
1159 1822 1369 1865 advantage,

186 1875 256 1896 was
274 1875 340 1897 one
357 1865 397 1897 of
409 1865 470 1897 the
487 1865 584 1898 Stoic
607 1866 813 1908 paradoxes
865 1865 904 1897 In
930 1866 1079 1898 another
1095 1876 1246 1907 passage
1262 1866 1371 1908 (Dial.

186 1909 241 1939 vii
269 1910 319 1940 24.
347 1909 380 1948 5)
405 1907 541 1941 Seneca
572 1909 702 1951 speaks
733 1909 773 1941 of
796 1909 894 1941 them
918 1910 952 1940 in
977 1920 997 1940 a
1020 1909 1172 1941 kindlier
1202 1920 1373 1941 manner.

185 1951 324 1983 divitias
354 1963 436 1993 nequ
469 1952 591 1984 bonum
622 1963 712 1991 8899,-
750 1964 831 1984 ‘nam
861 1952 890 1983 si
920 1957 1037 1988 essent,
1071 1952 1172 1984 bonos
1201 1952 1370 1995 facerent.

188 1993 343 2026 Ceteoum
370 1999 401 2026 et
427 1995 598 2028 habendas
620 2007 685 2027 esee
709 2000 741 2027 et
761 1995 860 2028 utiles·
881 2000 911 2027 et
938 2006 1066 2038 maqna
1088 1996 1263 2028 commoda
1286 1996 1374 2028 zitae

185 2037 374 2077 adferentis
382 2038 511 2080 fateor.
563 2039 616 2081 Of.
636 2042 652 2078 ἓ
667 2041 708 2071 36
725 2039 765 2071 of
780 2038 851 2071 this
872 2038 984 2071 letter.

189 2091 264 2126 338
