1434 2333
401 126 518 163 THE
547 125 801 163 EPISTLES
831 125 902 163 OF
931 125 1141 163 SENECA

177 215 284 251 diem
300 215 420 251 ducat
436 227 444 258 3
464 219 614 264 quanto
630 214 781 251 facilius
797 217 951 251 animus
968 215 1213 251 conroborari
1230 219 1367 265 possit,

178 293 222 324 ut
251 288 433 325 fortunae
466 291 569 325 ictus
597 290 767 325 invictus
796 291 980 337 excipiat,
1010 293 1054 325 ut
1082 291 1294 338 proiectus,
1323 295 1369 326 ut

177 363 432 400 conculcatus
453 368 650 412 exsurgat.

244 436 393 487 Corpus
414 440 521 474 enim
541 437 677 474 multis
697 441 792 486 eget
812 436 942 482 rebus,
963 440 1008 473 ut
1032 436 1184 481 valeat;
1213 439 1368 474 animus

176 524 225 548 ex
255 524 296 548 se
330 514 485 557 crescit,
515 524 557 547 se
591 513 675 560 ipse
708 510 792 556 alit,
821 523 863 547 se
893 515 1065 548 exercet.
1125 510 1207 547 Illis
1241 512 1368 548 multo

176 585 277 632 cibo,
315 585 442 622 multa
486 587 649 634 potione
693 597 791 634 opus
830 588 904 630 est,
941 584 1069 622 multo
1110 584 1210 630 oleo,
1248 585 1369 635 longa

176 659 350 710 denique
381 672 523 709 opera;
554 660 627 696 tibi
658 662 868 708 continget
896 661 1019 695 virtus
1049 662 1133 696 sine
1162 664 1367 709 apparatu,

176 735 260 769 sine
299 735 475 782 inpensa.
548 731 750 782 Quicquid
788 732 917 769 facere
957 737 998 769 te
1037 737 1172 782 potest
1204 733 1368 779 bonum,

135 811 158 847 4
176 811 311 843 tecum
331 811 402 843 est.
462 804 570 851 Quid
590 806 664 842 tibi
685 819 782 855 opus
803 810 877 851 est,
894 811 939 843 ut
959 808 1009 843 sis
1029 807 1183 844 bonus?
1238 807 1365 844 Velle.

177 879 286 926 Quid
305 885 441 917 autem
461 879 603 916 melius
624 884 738 929 potes
763 879 867 916 velle
895 893 1013 929 quam
1040 883 1192 929 eripere
1212 885 1254 917 te
1275 880 1367 917 huic

176 957 371 999 servituti,
392 966 494 1004 quae
514 966 652 990 omnes
672 955 830 1003 premit,
851 966 969 1003 quam
989 957 1185 1004 mancipia
1209 967 1367 1004 quoque

176 1027 419 1064 condicionis
453 1032 655 1064 extremae
689 1031 731 1064 et
765 1029 807 1062 in
840 1026 900 1063 his
930 1027 1108 1064 sordibus
1137 1032 1231 1064 nata
1259 1030 1367 1064 omni

176 1101 295 1138 modo
316 1114 462 1138 exuere
483 1102 704 1137 conantur?
764 1101 967 1138 Peculium
995 1114 1122 1148 suum,
1142 1101 1249 1152 quod
1276 1115 1367 1138 con-

177 1180 414 1224 paraverunt
453 1179 592 1211 ventre
631 1174 826 1220 fraudato,
858 1188 928 1223 pro
962 1178 1093 1224 capite
1131 1181 1368 1220 numerant3

177 1253 219 1285 tu
264 1262 344 1285 non
388 1251 643 1297 concupisces
687 1251 1000 1298 quanticumque
1044 1248 1094 1285 ad
1138 1249 1367 1286 libertatem

137 1330 159 1365 5
178 1325 402 1372 pervenire,
435 1324 503 1372 qui
536 1326 578 1358 te
616 1324 658 1357 in
690 1321 758 1357 illa
792 1326 907 1370 putas
941 1322 1108 1358 natum?
1176 1321 1285 1368 Quid
1318 1322 1368 1359 ad

176 1410 307 1433 arcam
340 1401 451 1433 tuam
480 1396 668 1445 respicis?
727 1395 815 1431 Emi
844 1408 925 1431 non
954 1401 1096 1445 potest.
1157 1395 1299 1446 Itaque
1328 1399 1369 1432 in

177 1470 332 1508 tabulas
367 1483 511 1506 vanum
541 1471 706 1506 coicitur
733 1481 881 1506 nomen
908 1469 1118 1515 libertatis,
1147 1483 1265 1520 quam
1294 1483 1369 1507 nec

179 1547 246 1595 qui
267 1549 465 1588 emerunt,
485 1543 637 1580 habent
658 1555 732 1579 nec
752 1545 819 1592 qui
846 1542 1124 1580 vendiderunt.
1183 1543 1273 1580 Tibi
1299 1544 1369 1582 des

177 1623 336 1668 oportet
356 1617 463 1654 istud
483 1617 642 1662 bonum,
663 1630 685 1652 a
705 1621 747 1653 te
767 1621 891 1666 petas.

246 1691 391 1728 Libera
410 1696 451 1727 te
472 1693 642 1740 primum
669 1694 780 1726 metu
808 1692 968 1726 mortis:
998 1689 1065 1725 illa
1091 1689 1205 1726 nobis
1231 1693 1368 1740 iugum

138 1768 159 1805 6
178 1768 335 1815 inponit
350 1778 359 1809 ;
388 1764 536 1801 deinde
556 1769 667 1801 metu
683 1765 939 1813 paupertatis
989 1762 1030 1800 Si
1050 1765 1106 1800 vis
1124 1766 1235 1810 scire,
1251 1777 1368 1814 quam

177 1841 277 1878 nihil
307 1843 348 1877 in
377 1840 443 1876 illa
469 1840 562 1876 mali
592 1842 654 1884 sit,
675 1852 858 1888 compara
884 1841 990 1876 inter
1015 1852 1056 1875 se
1083 1852 1301 1888 pauperum
1328 1845 1369 1876 et

179 1914 348 1951 divitum
386 1914 542 1957 vultus;
586 1915 740 1962 saepius
778 1925 929 1961 pauper
968 1917 1009 1948 et
1048 1911 1203 1948 fidelius
1241 1912 1370 1956 ridet;

231 2007 245 2021 α
271 2000 339 2033 For
354 2000 425 2032 this
437 1999 549 2041 figure
560 2009 619 2031 see
634 1998 696 2031 the
711 2003 733 2016 ‘⁶
745 1997 945 2033 lucellum‚'¹
960 2003 982 2016 ‘⁶
995 1998 1121 2030 diurna
1135 1998 1372 2035 mercedula‚''

177 2046 261 2080 etc„
280 2044 320 2076 of
332 2044 393 2076 the
409 2045 565 2085 opening
580 2043 701 2074 letters
717 2041 758 2074 of
769 2041 831 2073 the
847 2041 1148 2083 correspondence
1165 2041 1259 2083 (Vol.
1282 2041 1337 2081 1.).

180 2101 257 2132 ⁶214
