1434 2333
420 128 537 165 THE
567 128 824 165 EPISTLES
855 128 927 164 OF
956 128 1166 165 SENECA

195 223 237 255 et
258 218 462 253 exarmat?
478 217 498 228 ''
559 217 649 253 Non
674 222 877 267 tamquam
904 218 1173 266 gubernatori,
1193 217 1263 254 sed
1283 222 1383 254 tam-

194 283 312 320 quam
325 273 531 320 naviganti
544 276 681 315 nocet;
701 271 849 321 alioqui
861 271 1105 320 gubernator
1119 270 1188 308 ille
1208 284 1288 307 non
1309 276 1381 307 est.

195 324 482 361 Gubernatoris
497 325 510 348 1
531 330 658 361 artem
681 325 782 362 adeo
806 338 886 361 non
915 325 1084 374 inpedit,
1105 330 1150 361 ut
1173 324 1383 368 ostendat-3

193 378 408 428 tranquillo
447 381 567 424 enim,
596 384 642 415 ut
679 382 804 424 aiunt,
834 379 1005 428 quilibet
1034 379 1276 428 gubernator
1309 383 1381 415 est.

195 431 363 481 Navigio
383 435 459 468 ista
484 433 643 478 obsunt,
664 446 745 469 non
770 435 914 469 rectori
941 435 1038 478 eius,
1059 446 1136 482 qua
1159 437 1289 469 rector
1309 437 1381 468 est.

125 483 173 519 35
194 484 304 521 Duas
321 499 508 534 personas
523 486 647 523 habet
661 487 921 535 gubernator:
948 487 1114 523 alteram
1130 499 1383 523 communem

192 552 283 576 cum
299 540 494 586 omnibus,
508 543 575 589 qui
592 540 762 577 eandem
778 540 1097 577 conscenderunt
1111 553 1271 576 navem:
1299 542 1384 588 ipse

193 605 351 643 quoque
381 599 517 631 vector
551 599 635 637 est3
677 594 844 630 alteram
874 597 1097 643 propriam:
1140 594 1384 643 gubernator

192 651 262 683 est.
324 647 556 697 Tempestas
587 653 788 698 tamquam
818 650 967 684 vectori
1003 652 1135 693 nocet,
1164 660 1244 683 non
1282 652 1383 683 tam-

122 700 171 737 36
193 714 311 750 quam
331 701 599 750 gubernatori.
661 702 818 738 Deinde
839 702 1116 750 gubernatoris
1131 714 1193 738 ars
1207 701 1383 738 alienum

192 755 341 790 bonum
372 760 455 792 est:
497 755 547 791 ad
578 768 656 800 eos,
687 769 784 805 quos
813 755 936 800 vehit,
966 758 1156 804 pertinet,
1183 754 1382 804 quomodo

191 807 337 845 medici
375 808 425 845 ad
464 822 543 854 eos,
573 821 670 858 quos
709 814 830 846 curat.
890 809 1107 845 Commune
1138 809 1287 844 bonum
1320 813 1382 846 est

191 862 432 910 sapientis2:
463 868 523 900 est
551 868 593 899 et
624 875 773 908 eorum,
800 876 889 899 cum
918 863 1060 912 quibus
1086 865 1195 907 vivit,
1223 867 1265 898 et
1293 875 1381 911 pro-

192 918 321 964 prium
341 919 474 965 ipsius.
535 917 676 966 Itaque
697 917 954 965 gubernatori
974 916 1139 952 fortasse
1160 916 1380 961 noceatur,3

192 972 302 1006 euius
336 973 600 1007 ministerium
633 971 742 1007 aliis4
776 973 1011 1020 promissum
1045 974 1288 1018 tempestate
1322 973 1380 1006 in-

122 1029 169 1067 37
190 1023 375 1072 peditur;
415 1027 586 1073 sapienti
618 1038 698 1061 non
728 1029 895 1061 nocetur
923 1038 944 1060 a
973 1029 1223 1073 paupertate,
1249 1037 1330 1060 non
1358 1037 1380 1059 a

191 1076 340 1122 dolore,
361 1091 440 1114 non
467 1079 517 1114 ab
543 1078 628 1115 aliis
653 1078 962 1128 tempestatibus
984 1081 1100 1115 vitae.
1161 1077 1249 1114 Non
1273 1080 1380 1114 enim

191 1131 454 1179 prohibentur
506 1145 626 1181 opera
679 1135 763 1168 eius
816 1135 959 1177 omnia,
1008 1131 1078 1168 sed
1124 1136 1282 1168 tantum
1329 1130 1380 1167 ad

189 1184 285 1221 alios
329 1188 596 1233 pertinentia3
652 1189 735 1234 ipse
784 1199 941 1234 semper
986 1188 1028 1221 in
1074 1190 1165 1221 actu
1218 1190 1292 1229 est,
1339 1188 1379 1221 in

191 1238 335 1275 effectu
365 1244 461 1275 tune
490 1242 696 1284 maximus,
723 1253 813 1275 cum
840 1239 897 1275 illi
926 1240 1086 1275 fortuna
1113 1252 1153 1275 se
1180 1241 1376 1288 opposuit.

191 1292 303 1328 Tunc
337 1295 445 1329 enim
478 1296 599 1342 ipsius
633 1296 851 1342 sapientiae
889 1295 1097 1342 negotium
1134 1295 1231 1341 agit,
1260 1305 1379 1342 quam

70 1384 73 1387 ,
120 1342 169 1378 38
191 1345 362 1383 diximus
402 1351 443 1383 et
481 1347 656 1384 alienum
695 1347 843 1382 bonum
883 1359 967 1383 esse
1003 1351 1045 1383 et
1077 1359 1202 1383 suum.
1264 1346 1378 1383 Prae-

191 1404 301 1436 terea
345 1413 396 1436 ne
443 1399 529 1436 aliis
567 1400 730 1450 quidem
772 1405 868 1437 tune
907 1399 1092 1449 prodesse
1131 1399 1378 1449 prohibetur,

191 1466 281 1489 curn
310 1453 424 1490 illum
457 1454 613 1504 aliquae
647 1457 906 1491 necessitates
936 1458 1134 1503 premunt.
1212 1453 1379 1503 Propter

190 1512 469 1556 paupertatem
535 1508 770 1557 prohibetur
828 1508 985 1553 docere,
1041 1507 1377 1557 quemadmodum

190 1561 398 1598 tractanda
431 1574 492 1598 res
526 1562 685 1611 publica
718 1565 782 1607 sit,
815 1567 857 1598 at
890 1561 989 1598 illud
1022 1562 1154 1607 docet,
1188 1561 1377 1612 quemad-

190 1614 353 1651 modum
387 1618 437 1651 sit
471 1615 679 1652 tractanda
710 1621 933 1665 paupertas.
995 1615 1069 1652 Per
1102 1620 1227 1652 totam
1256 1618 1378 1652 vitam

190 1682 288 1718 opus
309 1671 393 1706 eius
414 1669 656 1706 extenditur.

259 1722 321 1759 Ita
341 1722 449 1759 nulla
465 1722 636 1768 fortuna,
653 1723 761 1759 nulla
776 1736 838 1760 res
853 1728 965 1760 actus
981 1726 1170 1773 sapientis
1187 1724 1374 1762 excludit.

244 1882 255 1902 ¹
280 1882 410 1925 alioqui
422 1883 633 1925 {jubeo-nator
650 1883 705 1915 ille
721 1894 788 1915 non
807 1888 864 1915 est.
904 1884 1144 1925 quom-notorie
1160 1883 1355 1916 Buecheler
1369 1899 1377 1921 ς

190 1925 343 1968 alioquin
358 1926 556 1968 yubernatis
571 1927 603 1957 V
618 1939 626 1963 ς
650 1926 779 1968 alioqui
795 1927 950 1958 bnatoris
968 1926 1004 1958 P.

479 1969 492 1988 2
515 1974 561 2001 est
577 1970 742 2011 sapientis
757 1969 874 2001 added
890 1970 938 2011 by
956 1969 1091 2002 Hense.

379 2012 391 2030 ²³
415 2017 578 2045 noceatur
593 2012 926 2054 Schweighaeuser;
949 2018 1067 2045 noceat
1084 2012 1185 2045 MSS.

391 2056 403 2074 ⁴
427 2056 506 2087 aliis
522 2056 610 2087 later
627 2055 728 2088 MSS.
748 2069 756 2092 ;
779 2056 864 2087 abiis
879 2056 964 2091 VP:
988 2056 1084 2088 abhis
1100 2057 1131 2088 b.

192 2105 269 2142 306

1432 1743 1434 1807 l
