1434 2333
407 119 523 156 THE
553 119 807 158 EPISTLES
837 120 909 158 OF
938 120 1147 159 SENECA

686 306 873 345 LXXIX.

461 418 615 454 SENECA
646 417 807 455 LVCILIO
837 431 903 455 svo
933 431 1106 455 SALVTEM

142 518 159 555 1
249 512 431 562 Expecto
461 514 650 563 epistulas
680 519 781 560 tuas,
811 515 954 564 quibus
984 514 1081 550 mihi
1111 514 1275 559 indices,
1303 516 1375 550 cir-

179 574 310 608 cuitus
348 571 504 610 Siciliae
538 576 661 610 totius
695 573 791 623 quid
829 574 903 610 tibi
936 576 1028 610 novi
1061 573 1297 619 ostenderit,
1332 578 1374 610 et

180 631 296 668 ante1
314 634 446 668 omnia
461 631 511 669 de
532 635 617 681 ipsa
632 632 831 682 Charybdi
853 635 1031 669 certiora.
1083 633 1184 668 Nam
1201 631 1371 682 Scyllam

179 703 316 726 saxum
355 703 441 728 esse
480 696 522 728 et
555 691 718 741 quidem
756 705 837 728 non
875 692 1052 728 terribile
1090 691 1373 741 navigantibus

179 752 330 798 optime
360 753 463 794 scio;
502 750 720 800 Charybdis
749 764 799 786 an
828 750 1070 800 respondeat
1099 750 1255 796 fabulis,
1284 763 1374 800 per-

180 809 297 845 scribi
317 808 413 845 mihi
435 809 618 846 desidero
644 815 698 855 et,
719 813 751 846 si
776 809 880 846 forte
906 811 1186 855 observaveris,
1207 809 1375 859 dignum

182 872 243 904 est
264 873 400 905 autem
415 868 522 918 quod
542 869 741 914 observes,
757 868 818 904 fac
838 882 909 905 nos
926 871 1125 914 certiores,
1142 874 1276 905 utrum
1297 881 1376 904 uno

182 932 338 963 tantum
361 932 482 964 vento
502 933 643 977 agatur
666 931 707 963 in
733 931 902 964 vertices
929 941 979 964 an
1006 930 1132 964 omnis
1159 932 1377 976 tempestas

181 999 308 1036 aeque
347 1000 454 1024 mare
498 987 595 1023 illud
634 992 909 1037 contorqueat,
949 992 991 1024 et
1034 1000 1085 1023 an
1131 1000 1267 1023 verum
1312 989 1377 1032 sit,

182 1045 371 1095 quicquid
400 1046 469 1082 illo
498 1045 591 1083 freti
620 1047 780 1083 turbine
810 1047 1020 1095 abreptum
1051 1051 1123 1092 est,
1153 1059 1224 1095 per
1251 1045 1378 1082 multa

184 1105 291 1141 milia
318 1105 420 1141 trahi
446 1105 652 1142 conditum
680 1110 721 1142 et
748 1108 850 1142 circa
877 1105 1257 1142 Tauromenitanum
1283 1105 1378 1141 litus

141 1162 164 1198 2
184 1176 400 1214 emergere.
478 1164 519 1201 Si
558 1164 656 1201 haec
695 1164 792 1200 mihi
837 1167 1123 1214 pei-scripseris,
1162 1169 1258 1202 tunc
1304 1164 1378 1200 tibi

183 1223 339 1260 audebo
383 1223 585 1269 mandare,
625 1228 669 1259 ut
708 1226 748 1259 in
794 1223 985 1260 honorem
1023 1235 1157 1260 meum
1202 1223 1377 1259 Aetnam

184 1295 342 1332 quoque
369 1282 572 1328 ascendas,
593 1296 711 1332 quam
732 1285 910 1318 consumi
931 1287 973 1319 et
1000 1285 1147 1319 sensim
1173 1281 1378 1319 subsidere

184 1354 232 1377 ex
272 1341 345 1378 1100
384 1342 579 1391 colligunt
616 1341 792 1391 quidam,
825 1341 932 1390 quod
969 1341 1183 1391 aliquando
1222 1341 1378 1390 longius

184 1401 463 1450 navigantibus
495 1400 649 1437 solebat
683 1400 852 1437 ostendi.
914 1400 1051 1437 Potest
1081 1400 1155 1437 hoc
1184 1400 1378 1445 accidere,

185 1473 264 1496 non
295 1463 386 1510 quia
415 1462 562 1496 montis
595 1459 768 1496 altitudo
798 1459 1021 1505 descendit,
1051 1459 1122 1496 sed
1151 1462 1242 1509 quia
1275 1462 1378 1508 ignis

185 1522 348 1556 evanuit
382 1524 424 1556 et
457 1522 586 1555 minus
622 1518 838 1556 vehemens
871 1532 916 1555 ac
950 1519 1081 1568 largus
1120 1519 1294 1564 effertur,
1328 1519 1379 1555 ob

185 1578 356 1616 eandem
391 1591 548 1615 causam
582 1577 690 1614 fumo
724 1591 882 1627 quoque
917 1590 988 1627 per
1021 1577 1128 1615 diem
1167 1577 1380 1627 segni01·e.2

189 1639 385 1675 Neutrum
424 1642 560 1674 autem
595 1637 829 1674 incredibile
868 1642 942 1682 est,
977 1650 1051 1673 nec
1084 1642 1275 1682 montem,
1311 1640 1377 1687 qui

541 1715 551 1734 ¹
576 1720 655 1747 ante
671 1714 788 1747 added
805 1715 853 1756 by
872 1714 1033 1747 Wolters.

434 1758 447 1778 2
470 1759 619 1800 seyniore
637 1757 848 1796 Pincianus;
872 1758 1007 1800 sequior
1024 1756 1127 1790 MSS.

239 1868 254 1881 α
277 1861 364 1893 Ellis
376 1864 542 1902 suggests
555 1861 634 1893 that
646 1861 707 1893 the
723 1871 828 1903 poem
840 1860 970 1897 Aetna,
985 1860 1025 1892 of
1038 1861 1221 1892 uncertain
1238 1859 1380 1891 author-

186 1905 278 1946 ship,
296 1915 379 1946 may
397 1904 487 1936 have
504 1904 594 1936 been
612 1906 752 1936 written
772 1904 820 1945 by
838 1903 995 1936 Lucilius
1012 1905 1046 1935 in
1065 1913 1233 1944 response
1251 1905 1289 1935 to
1308 1902 1379 1935 this

186 1948 299 1980 letter.
350 1947 418 1979 His
436 1949 523 1979 view
540 1949 568 1980 is
586 1947 771 1989 plausible,
791 1947 854 1979 but
871 1949 932 1978 not
948 1946 1163 1989 universally
1180 1945 1361 1988 accepted.

239 1993 251 2010 ὁ
275 1990 342 2023 See
360 1991 427 2032 Ep.
448 1992 516 2023 xiv.
536 1994 552 2030 ξ
569 1994 588 2022 8
605 1991 675 2022 and
693 1993 775 2023 note
791 1990 886 2031 (Vol.
908 1990 964 2029 1.).

239 2040 250 2053 ⁶
273 2034 348 2065 The
365 2034 510 2066 modern
529 2034 728 2066 Taormina.

187 2090 263 2122 200
