<?xml version="1.0" encoding="UTF-8"?>
<!DOCTYPE html PUBLIC "-//W3C//DTD XHTML 1.0 Transitional//EN"
    "http://www.w3.org/TR/xhtml1/DTD/xhtml1-transitional.dtd">
<html xmlns="http://www.w3.org/1999/xhtml" xml:lang="en" lang="en">
 <head>
  <title>
</title>
<meta http-equiv="Content-Type" content="text/html;charset=utf-8" />
  <meta name='ocr-system' content='tesseract 3.04.00' />
  <meta name='ocr-capabilities' content='ocr_page ocr_carea ocr_par ocr_line ocrx_word'/>
</head>
<body>
  <div class='ocr_page' id='page_1' title='image "adlucilium02sene_0412.png"; bbox 0 0 1434 2333; ppageno 0'>
   <div class='ocr_carea' id='block_1_1' title="bbox 391 101 1131 143">
    <p class='ocr_par' dir='ltr' id='par_1_1' title="bbox 391 101 1131 143">
     <span class='ocr_line' id='line_1_1' title="bbox 391 101 1131 143; baseline -0.008 0"><span class='ocrx_word' id='word_1_1' title='bbox 391 106 506 143; x_wconf 91' lang='lat' dir='ltr'>THE</span> <span class='ocrx_word' id='word_1_2' title='bbox 536 102 789 141; x_wconf 88' lang='lat' dir='ltr'>EPISTLES</span> <span class='ocrx_word' id='word_1_3' title='bbox 819 101 892 139; x_wconf 93' lang='lat' dir='ltr'>OF</span> <span class='ocrx_word' id='word_1_4' title='bbox 920 101 1131 138; x_wconf 89' lang='lat' dir='ltr'><strong>SENECA</strong></span> 
     </span>
    </p>
   </div>
   <div class='ocr_carea' id='block_1_2' title="bbox 124 189 1357 1150">
    <p class='ocr_par' dir='ltr' id='par_1_2' title="bbox 166 189 1354 405">
     <span class='ocr_line' id='line_1_2' title="bbox 167 189 1352 246; baseline -0.007 -13"><span class='ocrx_word' id='word_1_5' title='bbox 167 210 263 246; x_wconf 90' lang='lat' dir='ltr'>rupe</span> <span class='ocrx_word' id='word_1_6' title='bbox 284 195 441 232; x_wconf 85' lang='lat' dir='ltr'>suffossa</span> <span class='ocrx_word' id='word_1_7' title='bbox 471 198 539 230; x_wconf 86' lang='lat' dir='ltr'>aut</span> <span class='ocrx_word' id='word_1_8' title='bbox 568 205 708 229; x_wconf 82' lang='lat' dir='ltr'>exesae</span> <span class='ocrx_word' id='word_1_9' title='bbox 735 192 882 227; x_wconf 86' lang='lat' dir='ltr'>arboris</span> <span class='ocrx_word' id='word_1_10' title='bbox 908 195 1049 226; x_wconf 79' lang='lat' dir='ltr'>trunco</span> <span class='ocrx_word' id='word_1_11' title='bbox 1078 189 1213 226; x_wconf 87' lang='lat' dir='ltr'>docuit</span> <span class='ocrx_word' id='word_1_12' title='bbox 1243 194 1352 226; x_wconf 87' lang='lat' dir='ltr'>tecta</span> 
     </span>
     <span class='ocr_line' id='line_1_3' title="bbox 167 243 1352 296; baseline -0.006 -10"><span class='ocrx_word' id='word_1_13' title='bbox 167 249 330 286; x_wconf 87' lang='lat' dir='ltr'>moliri.&#39;’</span> <span class='ocrx_word' id='word_1_14' title='bbox 389 248 474 296; x_wconf 85' lang='lat' dir='ltr'>Ego</span> <span class='ocrx_word' id='word_1_15' title='bbox 505 259 597 283; x_wconf 85' lang='lat' dir='ltr'>vero</span> <span class='ocrx_word' id='word_1_16' title='bbox 630 243 921 294; x_wconf 80' lang='lat' dir='ltr'>philosophiam</span> <span class='ocrx_word' id='word_1_17' title='bbox 954 243 1085 280; x_wconf 89' lang='lat' dir='ltr'>iudico</span> <span class='ocrx_word' id='word_1_18' title='bbox 1118 256 1198 280; x_wconf 91' lang='lat' dir='ltr'>non</span> <span class='ocrx_word' id='word_1_19' title='bbox 1226 246 1352 293; x_wconf 87' lang='lat' dir='ltr'>magis</span> 
     </span>
     <span class='ocr_line' id='line_1_4' title="bbox 167 299 1353 351; baseline -0.005 -12"><span class='ocrx_word' id='word_1_20' title='bbox 167 305 410 351; x_wconf 78' lang='lat' dir='ltr'>excogitasse</span> <span class='ocrx_word' id='word_1_21' title='bbox 432 301 501 337; x_wconf 89' lang='lat' dir='ltr'>has</span> <span class='ocrx_word' id='word_1_22' title='bbox 529 299 843 335; x_wconf 82' lang='lat' dir='ltr'>machinationes</span> <span class='ocrx_word' id='word_1_23' title='bbox 872 302 1070 334; x_wconf 86' lang='lat' dir='ltr'>tectorum</span> <span class='ocrx_word' id='word_1_24' title='bbox 1100 310 1216 346; x_wconf 87' lang='lat' dir='ltr'>supra</span> <span class='ocrx_word' id='word_1_25' title='bbox 1244 302 1353 334; x_wconf 89' lang='lat' dir='ltr'>tecta</span> 
     </span>
     <span class='ocr_line' id='line_1_5' title="bbox 166 353 1354 405; baseline -0.005 -13"><span class='ocrx_word' id='word_1_26' title='bbox 166 358 413 405; x_wconf 82' lang='lat' dir='ltr'>surgentium</span> <span class='ocrx_word' id='word_1_27' title='bbox 430 359 470 391; x_wconf 88' lang='lat' dir='ltr'>et</span> <span class='ocrx_word' id='word_1_28' title='bbox 486 354 641 390; x_wconf 89' lang='lat' dir='ltr'>urbium</span> <span class='ocrx_word' id='word_1_29' title='bbox 658 353 775 389; x_wconf 86' lang='lat' dir='ltr'>urbes</span> <span class='ocrx_word' id='word_1_30' title='bbox 790 354 1058 401; x_wconf 84' lang='lat' dir='ltr'>prementium</span> <span class='ocrx_word' id='word_1_31' title='bbox 1075 364 1193 400; x_wconf 89' lang='lat' dir='ltr'>quam</span> <span class='ocrx_word' id='word_1_32' title='bbox 1210 354 1354 387; x_wconf 87' lang='lat' dir='ltr'>vivaria</span> 
     </span>
    </p>

    <p class='ocr_par' dir='ltr' id='par_1_3' title="bbox 124 404 1357 939">
     <span class='ocr_line' id='line_1_6' title="bbox 124 404 1352 458; baseline -0.004 -13"><span class='ocrx_word' id='word_1_33' title='bbox 124 419 145 454; x_wconf 73' lang='lat'>8</span> <span class='ocrx_word' id='word_1_34' title='bbox 166 412 331 458; x_wconf 84' lang='lat' dir='ltr'>piscium</span> <span class='ocrx_word' id='word_1_35' title='bbox 368 411 409 444; x_wconf 91' lang='lat' dir='ltr'>in</span> <span class='ocrx_word' id='word_1_36' title='bbox 447 407 521 444; x_wconf 92' lang='lat' dir='ltr'>hoc</span> <span class='ocrx_word' id='word_1_37' title='bbox 559 407 702 451; x_wconf 85' lang='lat' dir='ltr'>clausa,</span> <span class='ocrx_word' id='word_1_38' title='bbox 731 411 777 442; x_wconf 84' lang='lat' dir='ltr'>ut</span> <span class='ocrx_word' id='word_1_39' title='bbox 809 410 1097 454; x_wconf 73' lang='lat' dir='ltr'>tempestatum</span> <span class='ocrx_word' id='word_1_40' title='bbox 1132 404 1352 454; x_wconf 89' lang='lat' dir='ltr'>periculum</span> 
     </span>
     <span class='ocr_line' id='line_1_7' title="bbox 165 459 1353 511; baseline -0.004 -12"><span class='ocrx_word' id='word_1_41' title='bbox 165 476 244 499; x_wconf 93' lang='lat' dir='ltr'>non</span> <span class='ocrx_word' id='word_1_42' title='bbox 264 462 393 498; x_wconf 86' lang='lat' dir='ltr'>adiret</span> <span class='ocrx_word' id='word_1_43' title='bbox 412 461 504 511; x_wconf 82' lang='lat' dir='ltr'>gula</span> <span class='ocrx_word' id='word_1_44' title='bbox 525 465 566 498; x_wconf 90' lang='lat' dir='ltr'>et</span> <span class='ocrx_word' id='word_1_45' title='bbox 582 463 758 510; x_wconf 86' lang='lat' dir='ltr'>quamvis</span> <span class='ocrx_word' id='word_1_46' title='bbox 778 462 966 496; x_wconf 80' lang='lat' dir='ltr'>acerrime</span> <span class='ocrx_word' id='word_1_47' title='bbox 988 459 1131 507; x_wconf 84' lang='lat' dir='ltr'>pelago</span> <span class='ocrx_word' id='word_1_48' title='bbox 1150 461 1353 495; x_wconf 87' lang='lat' dir='ltr'>saeviente</span> 
     </span>
     <span class='ocr_line' id='line_1_8' title="bbox 166 512 1354 563; baseline -0.003 -11"><span class='ocrx_word' id='word_1_49' title='bbox 166 516 331 553; x_wconf 88' lang='lat' dir='ltr'>haberet</span> <span class='ocrx_word' id='word_1_50' title='bbox 369 515 522 551; x_wconf 83' lang='lat' dir='ltr'>luxuria</span> <span class='ocrx_word' id='word_1_51' title='bbox 562 519 699 563; x_wconf 89' lang='lat' dir='ltr'>portus</span> <span class='ocrx_word' id='word_1_52' title='bbox 744 526 845 558; x_wconf 85' lang='lat' dir='ltr'>suos,</span> <span class='ocrx_word' id='word_1_53' title='bbox 884 515 925 548; x_wconf 89' lang='lat' dir='ltr'>in</span> <span class='ocrx_word' id='word_1_54' title='bbox 963 513 1105 562; x_wconf 89' lang='lat' dir='ltr'>quibus</span> <span class='ocrx_word' id='word_1_55' title='bbox 1143 512 1354 549; x_wconf 88' lang='lat' dir='ltr'>distinctos</span> 
     </span>
     <span class='ocr_line' id='line_1_9' title="bbox 165 565 1355 619; baseline -0.004 -13"><span class='ocrx_word' id='word_1_56' title='bbox 165 573 330 619; x_wconf 88' lang='lat' dir='ltr'>piscium</span> <span class='ocrx_word' id='word_1_57' title='bbox 364 581 507 619; x_wconf 84' lang='lat' dir='ltr'>greges</span> <span class='ocrx_word' id='word_1_58' title='bbox 540 571 750 616; x_wconf 74' lang='lat' dir='ltr'>saginaret.</span> <span class='ocrx_word' id='word_1_59' title='bbox 812 566 920 612; x_wconf 82' lang='lat' dir='ltr'>Quid</span> <span class='ocrx_word' id='word_1_60' title='bbox 958 567 1042 602; x_wconf 87' lang='lat' dir='ltr'>ais?</span> <span class='ocrx_word' id='word_1_61' title='bbox 1102 565 1355 615; x_wconf 82' lang='lat' dir='ltr'>Philosophia</span> 
     </span>
     <span class='ocr_line' id='line_1_10' title="bbox 165 619 1353 665; baseline -0.003 -6"><span class='ocrx_word' id='word_1_62' title='bbox 165 623 344 659; x_wconf 90' lang='lat' dir='ltr'>homines</span> <span class='ocrx_word' id='word_1_63' title='bbox 382 623 517 658; x_wconf 90' lang='lat' dir='ltr'>docuit</span> <span class='ocrx_word' id='word_1_64' title='bbox 557 621 703 657; x_wconf 90' lang='lat' dir='ltr'>habere</span> <span class='ocrx_word' id='word_1_65' title='bbox 742 621 893 657; x_wconf 88' lang='lat' dir='ltr'>clavem</span> <span class='ocrx_word' id='word_1_66' title='bbox 927 625 969 657; x_wconf 92' lang='lat' dir='ltr'>et</span> <span class='ocrx_word' id='word_1_67' title='bbox 1008 621 1161 656; x_wconf 84' lang='lat' dir='ltr'>seram?</span> <span class='ocrx_word' id='word_1_68' title='bbox 1218 619 1353 665; x_wconf 81' lang='lat' dir='ltr'>Quidl</span> 
     </span>
     <span class='ocr_line' id='line_1_11' title="bbox 164 673 1355 724; baseline -0.003 -11"><span class='ocrx_word' id='word_1_69' title='bbox 164 677 273 713; x_wconf 84' lang='lat' dir='ltr'>aliud</span> <span class='ocrx_word' id='word_1_70' title='bbox 293 681 377 713; x_wconf 87' lang='lat' dir='ltr'>erat</span> <span class='ocrx_word' id='word_1_71' title='bbox 404 678 589 712; x_wconf 88' lang='lat' dir='ltr'>avaritiae</span> <span class='ocrx_word' id='word_1_72' title='bbox 620 678 776 724; x_wconf 83' lang='lat' dir='ltr'>signum</span> <span class='ocrx_word' id='word_1_73' title='bbox 803 674 927 711; x_wconf 87' lang='lat' dir='ltr'>dare?</span> <span class='ocrx_word' id='word_1_74' title='bbox 985 673 1237 723; x_wconf 85' lang='lat' dir='ltr'>Philosophia</span> <span class='ocrx_word' id='word_1_75' title='bbox 1257 673 1355 710; x_wconf 90' lang='lat' dir='ltr'>haec</span> 
     </span>
     <span class='ocr_line' id='line_1_12' title="bbox 166 727 1355 777; baseline -0.003 -11"><span class='ocrx_word' id='word_1_76' title='bbox 166 743 254 766; x_wconf 91' lang='lat' dir='ltr'>cum</span> <span class='ocrx_word' id='word_1_77' title='bbox 294 735 407 766; x_wconf 90' lang='lat' dir='ltr'>tanto</span> <span class='ocrx_word' id='word_1_78' title='bbox 445 729 710 765; x_wconf 81' lang='lat' dir='ltr'>habitantium</span> <span class='ocrx_word' id='word_1_79' title='bbox 753 727 929 777; x_wconf 86' lang='lat' dir='ltr'>periculo</span> <span class='ocrx_word' id='word_1_80' title='bbox 973 730 1210 764; x_wconf 87' lang='lat' dir='ltr'>inminentia</span> <span class='ocrx_word' id='word_1_81' title='bbox 1247 732 1355 764; x_wconf 88' lang='lat' dir='ltr'>tecta</span> 
     </span>
     <span class='ocr_line' id='line_1_13' title="bbox 166 781 1355 832; baseline -0.002 -13"><span class='ocrx_word' id='word_1_82' title='bbox 166 784 402 832; x_wconf 85' lang='lat' dir='ltr'>suspendit?</span> <span class='ocrx_word' id='word_1_83' title='bbox 461 782 600 818; x_wconf 87' lang='lat' dir='ltr'>Parum</span> <span class='ocrx_word' id='word_1_84' title='bbox 630 785 737 818; x_wconf 89' lang='lat' dir='ltr'>enim</span> <span class='ocrx_word' id='word_1_85' title='bbox 767 787 853 818; x_wconf 84' lang='lat' dir='ltr'>erat</span> <span class='ocrx_word' id='word_1_86' title='bbox 881 781 1054 818; x_wconf 85' lang='lat' dir='ltr'>fortuitis</span> <span class='ocrx_word' id='word_1_87' title='bbox 1084 784 1169 829; x_wconf 84' lang='lat' dir='ltr'>tegi</span> <span class='ocrx_word' id='word_1_88' title='bbox 1199 786 1240 817; x_wconf 87' lang='lat' dir='ltr'>et</span> <span class='ocrx_word' id='word_1_89' title='bbox 1270 784 1355 817; x_wconf 90' lang='lat' dir='ltr'>sine</span> 
     </span>
     <span class='ocr_line' id='line_1_14' title="bbox 165 834 1356 884; baseline -0.003 -11"><span class='ocrx_word' id='word_1_90' title='bbox 165 842 250 873; x_wconf 86' lang='lat' dir='ltr'>arte</span> <span class='ocrx_word' id='word_1_91' title='bbox 271 843 313 873; x_wconf 90' lang='lat' dir='ltr'>et</span> <span class='ocrx_word' id='word_1_92' title='bbox 333 839 417 873; x_wconf 90' lang='lat' dir='ltr'>sine</span> <span class='ocrx_word' id='word_1_93' title='bbox 438 835 671 872; x_wconf 86' lang='lat' dir='ltr'>difficultate</span> <span class='ocrx_word' id='word_1_94' title='bbox 698 835 880 871; x_wconf 87' lang='lat' dir='ltr'>naturale</span> <span class='ocrx_word' id='word_1_95' title='bbox 900 838 1079 871; x_wconf 82' lang='lat' dir='ltr'>invenire</span> <span class='ocrx_word' id='word_1_96' title='bbox 1101 835 1175 871; x_wconf 88' lang='lat' dir='ltr'>sibi</span> <span class='ocrx_word' id='word_1_97' title='bbox 1195 834 1356 884; x_wconf 87' lang='lat' dir='ltr'>aliquod</span> 
     </span>
     <span class='ocr_line' id='line_1_15' title="bbox 166 888 1357 939; baseline -0.002 -12"><span class='ocrx_word' id='word_1_98' title='bbox 166 890 472 939; x_wconf 86' lang='lat' dir='ltr'>receptaculum.</span> <span class='ocrx_word' id='word_1_99' title='bbox 532 889 633 925; x_wconf 89' lang='lat' dir='ltr'>Mihi</span> <span class='ocrx_word' id='word_1_100' title='bbox 654 888 786 934; x_wconf 83' lang='lat' dir='ltr'>crede,</span> <span class='ocrx_word' id='word_1_101' title='bbox 806 888 901 925; x_wconf 88' lang='lat' dir='ltr'>felix</span> <span class='ocrx_word' id='word_1_102' title='bbox 922 888 1021 924; x_wconf 90' lang='lat' dir='ltr'>illud</span> <span class='ocrx_word' id='word_1_103' title='bbox 1042 888 1242 925; x_wconf 87' lang='lat' dir='ltr'>saeculum</span> <span class='ocrx_word' id='word_1_104' title='bbox 1263 893 1357 925; x_wconf 85' lang='lat' dir='ltr'>ante</span> 
     </span>
    </p>

    <p class='ocr_par' dir='ltr' id='par_1_4' title="bbox 124 942 1357 1150">
     <span class='ocr_line' id='line_1_16' title="bbox 124 942 1357 988; baseline -0.002 -8"><span class='ocrx_word' id='word_1_105' title='bbox 124 951 145 986; x_wconf 89' lang='lat'>9</span> <span class='ocrx_word' id='word_1_106' title='bbox 165 944 403 980; x_wconf 85' lang='lat' dir='ltr'>architectos</span> <span class='ocrx_word' id='word_1_107' title='bbox 433 943 522 988; x_wconf 77' lang='lat' dir='ltr'>fuit,</span> <span class='ocrx_word' id='word_1_108' title='bbox 542 948 636 979; x_wconf 87' lang='lat' dir='ltr'>ante</span> <span class='ocrx_word' id='word_1_109' title='bbox 665 942 870 979; x_wconf 75' lang='lat' dir='ltr'>tect01·es.‘2</span> <span class='ocrx_word' id='word_1_110' title='bbox 928 942 1009 978; x_wconf 88' lang='lat' dir='ltr'>Ista</span> <span class='ocrx_word' id='word_1_111' title='bbox 1037 947 1132 978; x_wconf 90' lang='lat' dir='ltr'>nata</span> <span class='ocrx_word' id='word_1_112' title='bbox 1161 947 1254 978; x_wconf 91' lang='lat' dir='ltr'>sunt</span> <span class='ocrx_word' id='word_1_113' title='bbox 1278 945 1357 978; x_wconf 87' lang='lat' dir='ltr'>iam</span> 
     </span>
     <span class='ocr_line' id='line_1_17' title="bbox 165 995 1357 1046; baseline -0.002 -12"><span class='ocrx_word' id='word_1_114' title='bbox 165 1003 355 1034; x_wconf 87' lang='lat' dir='ltr'>nascente</span> <span class='ocrx_word' id='word_1_115' title='bbox 394 997 558 1042; x_wconf 82' lang='lat' dir='ltr'>luxuria,</span> <span class='ocrx_word' id='word_1_116' title='bbox 588 999 629 1032; x_wconf 92' lang='lat' dir='ltr'>in</span> <span class='ocrx_word' id='word_1_117' title='bbox 663 996 901 1046; x_wconf 85' lang='lat' dir='ltr'>quadratum</span> <span class='ocrx_word' id='word_1_118' title='bbox 940 999 1052 1045; x_wconf 85' lang='lat' dir='ltr'>tigna</span> <span class='ocrx_word' id='word_1_119' title='bbox 1089 995 1276 1033; x_wconf 89' lang='lat' dir='ltr'>decidere</span> <span class='ocrx_word' id='word_1_120' title='bbox 1315 1001 1357 1032; x_wconf 92' lang='lat' dir='ltr'>et</span> 
     </span>
     <span class='ocr_line' id='line_1_18' title="bbox 165 1050 1355 1100; baseline -0.001 -13"><span class='ocrx_word' id='word_1_121' title='bbox 165 1064 269 1088; x_wconf 88' lang='lat' dir='ltr'>serra</span> <span class='ocrx_word' id='word_1_122' title='bbox 306 1065 376 1100; x_wconf 87' lang='lat' dir='ltr'>per</span> <span class='ocrx_word' id='word_1_123' title='bbox 414 1051 623 1100; x_wconf 81' lang='lat' dir='ltr'>designata</span> <span class='ocrx_word' id='word_1_124' title='bbox 667 1055 851 1087; x_wconf 89' lang='lat' dir='ltr'>currente</span> <span class='ocrx_word' id='word_1_125' title='bbox 897 1055 1005 1086; x_wconf 88' lang='lat' dir='ltr'>certa</span> <span class='ocrx_word' id='word_1_126' title='bbox 1042 1063 1160 1086; x_wconf 88' lang='lat' dir='ltr'>manu</span> <span class='ocrx_word' id='word_1_127' title='bbox 1200 1050 1355 1086; x_wconf 85' lang='lat' dir='ltr'>trabem</span> 
     </span>
     <span class='ocr_line' id='line_1_19' title="bbox 165 1105 357 1150; baseline 0 -9"><span class='ocrx_word' id='word_1_128' title='bbox 165 1105 357 1150; x_wconf 85' lang='lat' dir='ltr'>scindere,</span> 
     </span>
    </p>
   </div>
   <div class='ocr_carea' id='block_1_3' title="bbox 293 1172 1154 1215">
    <p class='ocr_par' dir='ltr' id='par_1_5' title="bbox 293 1172 1154 1215">
     <span class='ocr_line' id='line_1_20' title="bbox 293 1172 1154 1215; baseline -0.001 -9"><span class='ocrx_word' id='word_1_129' title='bbox 293 1174 385 1206; x_wconf 89' lang='lat' dir='ltr'>Nam</span> <span class='ocrx_word' id='word_1_130' title='bbox 403 1174 503 1215; x_wconf 88' lang='lat' dir='ltr'>primi</span> <span class='ocrx_word' id='word_1_131' title='bbox 521 1174 641 1205; x_wconf 86' lang='lat' dir='ltr'>cuneis</span> <span class='ocrx_word' id='word_1_132' title='bbox 658 1172 869 1205; x_wconf 86' lang='lat' dir='ltr'>scindebant</span> <span class='ocrx_word' id='word_1_133' title='bbox 885 1172 992 1204; x_wconf 86' lang='lat' dir='ltr'>fissile</span> <span class='ocrx_word' id='word_1_134' title='bbox 1008 1172 1154 1214; x_wconf 84' lang='lat' dir='ltr'>lignum.</span> 
     </span>
    </p>
   </div>
   <div class='ocr_carea' id='block_1_4' title="bbox 98 1242 1358 1561">
    <p class='ocr_par' dir='ltr' id='par_1_6' title="bbox 98 1242 1358 1561">
     <span class='ocr_line' id='line_1_21' title="bbox 167 1242 1358 1292; baseline 0 -13"><span class='ocrx_word' id='word_1_135' title='bbox 167 1243 256 1279; x_wconf 90' lang='lat' dir='ltr'>Non</span> <span class='ocrx_word' id='word_1_136' title='bbox 286 1246 392 1279; x_wconf 90' lang='lat' dir='ltr'>enim</span> <span class='ocrx_word' id='word_1_137' title='bbox 420 1248 529 1279; x_wconf 86' lang='lat' dir='ltr'>tecta</span> <span class='ocrx_word' id='word_1_138' title='bbox 558 1245 756 1279; x_wconf 86' lang='lat' dir='ltr'>cenationi</span> <span class='ocrx_word' id='word_1_139' title='bbox 791 1242 954 1291; x_wconf 89' lang='lat' dir='ltr'>epulum</span> <span class='ocrx_word' id='word_1_140' title='bbox 984 1248 1217 1292; x_wconf 80' lang='lat' dir='ltr'>recepturae</span> <span class='ocrx_word' id='word_1_141' title='bbox 1248 1257 1358 1292; x_wconf 85' lang='lat' dir='ltr'>para-</span> 
     </span>
     <span class='ocr_line' id='line_1_22' title="bbox 164 1296 1358 1344; baseline 0.001 -12"><span class='ocrx_word' id='word_1_142' title='bbox 164 1297 320 1342; x_wconf 76' lang='lat' dir='ltr'>bantur,</span> <span class='ocrx_word' id='word_1_143' title='bbox 341 1310 416 1333; x_wconf 85' lang='lat' dir='ltr'>nec</span> <span class='ocrx_word' id='word_1_144' title='bbox 437 1300 475 1332; x_wconf 91' lang='lat' dir='ltr'>in</span> <span class='ocrx_word' id='word_1_145' title='bbox 497 1297 602 1332; x_wconf 89' lang='lat' dir='ltr'>hunc</span> <span class='ocrx_word' id='word_1_146' title='bbox 620 1309 732 1332; x_wconf 89' lang='lat' dir='ltr'>usum</span> <span class='ocrx_word' id='word_1_147' title='bbox 748 1298 865 1344; x_wconf 90' lang='lat' dir='ltr'>pinus</span> <span class='ocrx_word' id='word_1_148' title='bbox 884 1301 953 1332; x_wconf 88' lang='lat' dir='ltr'>aut</span> <span class='ocrx_word' id='word_1_149' title='bbox 973 1297 1081 1332; x_wconf 86' lang='lat' dir='ltr'>abies</span> <span class='ocrx_word' id='word_1_150' title='bbox 1102 1296 1358 1333; x_wconf 84' lang='lat' dir='ltr'>deferebatur</span> 
     </span>
     <span class='ocr_line' id='line_1_23' title="bbox 164 1349 1358 1399; baseline 0.001 -14"><span class='ocrx_word' id='word_1_151' title='bbox 164 1350 284 1399; x_wconf 84' lang='lat' dir='ltr'>longo</span> <span class='ocrx_word' id='word_1_152' title='bbox 323 1350 593 1386; x_wconf 80' lang='lat' dir='ltr'>vehiculorum</span> <span class='ocrx_word' id='word_1_153' title='bbox 635 1349 772 1386; x_wconf 86' lang='lat' dir='ltr'>ordine</span> <span class='ocrx_word' id='word_1_154' title='bbox 814 1352 908 1385; x_wconf 89' lang='lat' dir='ltr'>vicis</span> <span class='ocrx_word' id='word_1_155' title='bbox 951 1351 1273 1396; x_wconf 75' lang='lat' dir='ltr'>inti-ementibus,</span> <span class='ocrx_word' id='word_1_156' title='bbox 1314 1356 1358 1387; x_wconf 89' lang='lat' dir='ltr'>ut</span> 
     </span>
     <span class='ocr_line' id='line_1_24' title="bbox 165 1403 1356 1452; baseline 0.001 -13"><span class='ocrx_word' id='word_1_157' title='bbox 165 1417 213 1440; x_wconf 81' lang='lat' dir='ltr'>ex</span> <span class='ocrx_word' id='word_1_158' title='bbox 255 1404 322 1440; x_wconf 91' lang='lat' dir='ltr'>illa</span> <span class='ocrx_word' id='word_1_159' title='bbox 359 1404 555 1439; x_wconf 83' lang='lat' dir='ltr'>lacunaria</span> <span class='ocrx_word' id='word_1_160' title='bbox 599 1417 693 1439; x_wconf 90' lang='lat' dir='ltr'>auro</span> <span class='ocrx_word' id='word_1_161' title='bbox 734 1406 867 1452; x_wconf 82' lang='lat' dir='ltr'>gravia</span> <span class='ocrx_word' id='word_1_162' title='bbox 912 1403 1148 1452; x_wconf 86' lang='lat' dir='ltr'>penderent.</span> <span class='ocrx_word' id='word_1_163' title='bbox 1209 1404 1356 1440; x_wconf 89' lang='lat' dir='ltr'>Furcae</span> 
     </span>
     <span class='ocr_line' id='line_1_25' title="bbox 98 1456 1358 1507; baseline 0.001 -14"><span class='ocrx_word' id='word_1_164' title='bbox 98 1468 146 1505; x_wconf 84' lang='lat'>10</span> <span class='ocrx_word' id='word_1_165' title='bbox 164 1460 363 1507; x_wconf 85' lang='lat' dir='ltr'>utrimque</span> <span class='ocrx_word' id='word_1_166' title='bbox 420 1470 632 1506; x_wconf 88' lang='lat' dir='ltr'>suspensae</span> <span class='ocrx_word' id='word_1_167' title='bbox 680 1456 902 1493; x_wconf 88' lang='lat' dir='ltr'>fulciebant</span> <span class='ocrx_word' id='word_1_168' title='bbox 957 1470 1096 1494; x_wconf 86' lang='lat' dir='ltr'>casam.</span> <span class='ocrx_word' id='word_1_169' title='bbox 1173 1457 1358 1507; x_wconf 86' lang='lat' dir='ltr'>Spissatis</span> 
     </span>
     <span class='ocr_line' id='line_1_26' title="bbox 165 1511 1357 1561; baseline 0.002 -15"><span class='ocrx_word' id='word_1_170' title='bbox 165 1511 374 1547; x_wconf 84' lang='lat' dir='ltr'>ramalibus</span> <span class='ocrx_word' id='word_1_171' title='bbox 394 1525 439 1547; x_wconf 87' lang='lat' dir='ltr'>ae</span> <span class='ocrx_word' id='word_1_172' title='bbox 459 1511 599 1547; x_wconf 91' lang='lat' dir='ltr'>fronde</span> <span class='ocrx_word' id='word_1_173' title='bbox 630 1516 821 1559; x_wconf 86' lang='lat' dir='ltr'>congesta</span> <span class='ocrx_word' id='word_1_174' title='bbox 841 1517 883 1547; x_wconf 89' lang='lat' dir='ltr'>et</span> <span class='ocrx_word' id='word_1_175' title='bbox 903 1514 943 1547; x_wconf 93' lang='lat' dir='ltr'>in</span> <span class='ocrx_word' id='word_1_176' title='bbox 968 1512 1140 1560; x_wconf 82' lang='lat' dir='ltr'>proclive</span> <span class='ocrx_word' id='word_1_177' title='bbox 1166 1511 1357 1561; x_wconf 85' lang='lat' dir='ltr'>disposita</span> 
     </span>
    </p>
   </div>
   <div class='ocr_carea' id='block_1_5' title="bbox 167 1597 1354 1716">
    <p class='ocr_par' dir='ltr' id='par_1_7' title="bbox 167 1597 1354 1716">
     <span class='ocr_line' id='line_1_27' title="bbox 220 1597 834 1640; baseline 0.002 -11"><span class='ocrx_word' id='word_1_178' title='bbox 220 1597 229 1615; x_wconf 85' lang='lat'>¹</span> <span class='ocrx_word' id='word_1_179' title='bbox 253 1598 336 1639; x_wconf 77' lang='lat' dir='ltr'>quid</span> <span class='ocrx_word' id='word_1_180' title='bbox 351 1597 439 1629; x_wconf 85' lang='lat' dir='ltr'>later</span> <span class='ocrx_word' id='word_1_181' title='bbox 456 1597 559 1630; x_wconf 89' lang='lat' dir='ltr'><strong>MSS.</strong></span> <span class='ocrx_word' id='word_1_182' title='bbox 578 1611 586 1635; x_wconf 87' lang='lat'>;</span> <span class='ocrx_word' id='word_1_183' title='bbox 610 1598 778 1640; x_wconf 75' lang='lat' dir='ltr'>quidquid</span> <span class='ocrx_word' id='word_1_184' title='bbox 795 1597 834 1630; x_wconf 90' lang='lat' dir='ltr'>B.</span> 
     </span>
     <span class='ocr_line' id='line_1_28' title="bbox 218 1640 1354 1684; baseline 0.004 -13"><span class='ocrx_word' id='word_1_185' title='bbox 218 1640 231 1659; x_wconf 71' lang='lat'>&#39;3</span> <span class='ocrx_word' id='word_1_186' title='bbox 254 1645 332 1673; x_wconf 56' lang='lat' dir='ltr'>atate</span> <span class='ocrx_word' id='word_1_187' title='bbox 348 1641 547 1673; x_wconf 63' lang='lat' dir='ltr'>architectos</span> <span class='ocrx_word' id='word_1_188' title='bbox 570 1665 576 1671; x_wconf 92' lang='lat'>.</span> <span class='ocrx_word' id='word_1_189' title='bbox 607 1667 613 1674; x_wconf 92' lang='lat'>.</span> <span class='ocrx_word' id='word_1_190' title='bbox 642 1666 650 1673; x_wconf 87' lang='lat'><strong>.</strong></span> <span class='ocrx_word' id='word_1_191' title='bbox 680 1641 743 1673; x_wconf 73' lang='lat' dir='ltr'>ista</span> <span class='ocrx_word' id='word_1_192' title='bbox 764 1640 911 1678; x_wconf 84' lang='lat' dir='ltr'>Hense;</span> <span class='ocrx_word' id='word_1_193' title='bbox 935 1645 1037 1674; x_wconf 74' lang='lat' dir='ltr'>antea</span> <span class='ocrx_word' id='word_1_194' title='bbox 1054 1642 1257 1674; x_wconf 65' lang='lat' dir='ltr'>architektos</span> <span class='ocrx_word' id='word_1_195' title='bbox 1267 1642 1354 1684; x_wconf 69' lang='lat' dir='ltr'>fnit.</span> 
     </span>
     <span class='ocr_line' id='line_1_29' title="bbox 167 1684 563 1716; baseline 0.005 -2"><span class='ocrx_word' id='word_1_196' title='bbox 167 1688 395 1716; x_wconf 68' lang='lat' dir='ltr'>antetacteres.</span> <span class='ocrx_word' id='word_1_197' title='bbox 438 1684 504 1716; x_wconf 68' lang='lat' dir='ltr'>ista</span> <span class='ocrx_word' id='word_1_198' title='bbox 524 1684 563 1716; x_wconf 90' lang='lat' dir='ltr'>B.</span> 
     </span>
    </p>
   </div>
   <div class='ocr_carea' id='block_1_6' title="bbox 207 1742 1349 1758">
    <p class='ocr_par' dir='ltr' id='par_1_8' title="bbox 207 1742 1349 1758">
     <span class='ocr_line' id='line_1_30' title="bbox 207 1742 1349 1758; baseline 0 0"><span class='ocrx_word' id='word_1_199' title='bbox 207 1742 1349 1758; x_wconf 95' lang='lat' dir='ltr'> </span> 
     </span>
    </p>
   </div>
   <div class='ocr_carea' id='block_1_7' title="bbox 218 1775 720 1861">
    <p class='ocr_par' dir='ltr' id='par_1_9' title="bbox 218 1775 720 1861">
     <span class='ocr_line' id='line_1_31' title="bbox 218 1775 668 1817; baseline 0.004 -11"><span class='ocrx_word' id='word_1_200' title='bbox 218 1782 233 1795; x_wconf 65' lang='grc' dir='ltr'>α</span> <span class='ocrx_word' id='word_1_201' title='bbox 256 1775 387 1816; x_wconf 83' lang='lat' dir='ltr'>Vergil,</span> <span class='ocrx_word' id='word_1_202' title='bbox 409 1776 527 1817; x_wconf 47' lang='grc' dir='ltr'>(ἔρον-ᾳ.</span> <span class='ocrx_word' id='word_1_203' title='bbox 551 1777 572 1808; x_wconf 92' lang='lat' dir='ltr'>i.</span> <span class='ocrx_word' id='word_1_204' title='bbox 599 1779 668 1809; x_wconf 65' lang='lat'>144.</span> 
     </span>
     <span class='ocr_line' id='line_1_32' title="bbox 219 1818 720 1861; baseline 0.002 -11"><span class='ocrx_word' id='word_1_205' title='bbox 219 1819 231 1838; x_wconf 60' lang='grc' dir='ltr'><em>ὓ</em></span> <span class='ocrx_word' id='word_1_206' title='bbox 257 1818 309 1861; x_wconf 82' lang='lat' dir='ltr'>Of.</span> <span class='ocrx_word' id='word_1_207' title='bbox 329 1818 492 1855; x_wconf 86' lang='lat' dir='ltr'>Juvenal,</span> <span class='ocrx_word' id='word_1_208' title='bbox 511 1820 557 1852; x_wconf 84' lang='lat' dir='ltr'>iii.</span> <span class='ocrx_word' id='word_1_209' title='bbox 578 1821 641 1850; x_wconf 69' lang='lat'>254</span> <span class='ocrx_word' id='word_1_210' title='bbox 656 1819 692 1851; x_wconf 86' lang='lat' dir='ltr'>ff.</span> <span class='ocrx_word' id='word_1_211' title='bbox 713 1833 720 1851; x_wconf 70' lang='grc' dir='ltr'><strong><em>ι</em></strong></span> 
     </span>
    </p>
   </div>
   <div class='ocr_carea' id='block_1_8' title="bbox 364 1889 1171 1987">
    <p class='ocr_par' dir='ltr' id='par_1_10' title="bbox 364 1889 1171 1987">
     <span class='ocr_line' id='line_1_33' title="bbox 812 1889 1056 1919; baseline 0.004 -7"><span class='ocrx_word' id='word_1_212' title='bbox 812 1889 909 1919; x_wconf 82' lang='lat' dir='ltr'>Longa</span> <span class='ocrx_word' id='word_1_213' title='bbox 922 1890 1056 1913; x_wconf 78' lang='lat' dir='ltr'>coruscat</span> 
     </span>
     <span class='ocr_line' id='line_1_34' title="bbox 364 1921 1045 1953; baseline 0 -7"><span class='ocrx_word' id='word_1_214' title='bbox 364 1922 481 1946; x_wconf 81' lang='lat' dir='ltr'>Serraco</span> <span class='ocrx_word' id='word_1_215' title='bbox 495 1921 627 1946; x_wconf 75' lang='lat' dir='ltr'>veniente</span> <span class='ocrx_word' id='word_1_216' title='bbox 640 1921 727 1951; x_wconf 80' lang='lat' dir='ltr'>abies,</span> <span class='ocrx_word' id='word_1_217' title='bbox 743 1923 829 1953; x_wconf 84' lang='lat' dir='ltr'>atque</span> <span class='ocrx_word' id='word_1_218' title='bbox 842 1922 931 1946; x_wconf 80' lang='lat' dir='ltr'>altera</span> <span class='ocrx_word' id='word_1_219' title='bbox 946 1922 1045 1953; x_wconf 85' lang='lat' dir='ltr'>pinum</span> 
     </span>
     <span class='ocr_line' id='line_1_35' title="bbox 365 1955 1171 1987; baseline 0.002 -8"><span class='ocrx_word' id='word_1_220' title='bbox 365 1955 498 1980; x_wconf 77' lang='lat' dir='ltr'>Plaustra</span> <span class='ocrx_word' id='word_1_221' title='bbox 511 1955 630 1985; x_wconf 74' lang='lat' dir='ltr'>vehunt,</span> <span class='ocrx_word' id='word_1_222' title='bbox 646 1956 752 1980; x_wconf 76' lang='lat' dir='ltr'>nutant</span> <span class='ocrx_word' id='word_1_223' title='bbox 765 1955 823 1980; x_wconf 79' lang='lat' dir='ltr'>alte</span> <span class='ocrx_word' id='word_1_224' title='bbox 837 1955 1001 1987; x_wconf 82' lang='lat' dir='ltr'>populoque</span> <span class='ocrx_word' id='word_1_225' title='bbox 1014 1956 1171 1981; x_wconf 80' lang='lat' dir='ltr'>minantur.</span> 
     </span>
    </p>
   </div>
   <div class='ocr_carea' id='block_1_9' title="bbox 168 2012 1108 2101">
    <p class='ocr_par' dir='ltr' id='par_1_11' title="bbox 168 2012 1108 2101">
     <span class='ocr_line' id='line_1_36' title="bbox 168 2012 1108 2055; baseline 0.003 -11"><span class='ocrx_word' id='word_1_226' title='bbox 168 2012 340 2055; x_wconf 88' lang='lat' dir='ltr'>Compare</span> <span class='ocrx_word' id='word_1_227' title='bbox 356 2013 429 2046; x_wconf 89' lang='lat' dir='ltr'>also</span> <span class='ocrx_word' id='word_1_228' title='bbox 446 2014 506 2046; x_wconf 80' lang='lat' dir='ltr'>the</span> <span class='ocrx_word' id='word_1_229' title='bbox 526 2018 547 2031; x_wconf 88' lang='grc'><em>“</em></span> <span class='ocrx_word' id='word_1_230' title='bbox 559 2015 731 2055; x_wconf 86' lang='lat' dir='ltr'>towering</span> <span class='ocrx_word' id='word_1_231' title='bbox 746 2016 947 2046; x_wconf 83' lang='lat' dir='ltr'>tenements</span> <span class='ocrx_word' id='word_1_232' title='bbox 960 2014 978 2025; x_wconf 71' lang='lat'>&#39;³</span> <span class='ocrx_word' id='word_1_233' title='bbox 994 2014 1035 2046; x_wconf 89' lang='lat' dir='ltr'>of</span> <span class='ocrx_word' id='word_1_234' title='bbox 1047 2017 1063 2054; x_wconf 69' lang='grc' dir='ltr'>ἓ</span> <span class='ocrx_word' id='word_1_235' title='bbox 1079 2018 1108 2048; x_wconf 78' lang='lat'>8.</span> 
     </span>
     <span class='ocr_line' id='line_1_37' title="bbox 173 2070 250 2101; baseline 0.013 -1"><span class='ocrx_word' id='word_1_236' title='bbox 173 2070 250 2101; x_wconf 78' lang='lat'>400</span> 
     </span>
    </p>
   </div>
  </div>
 </body>
</html>
