1434 2333
388 105 503 141 THE
533 103 787 141 EPISTLES
819 104 890 141 OF
919 103 1131 141 SENECA

163 197 235 229 est.
296 192 342 227 In
363 205 455 228 eum
474 195 707 229 intravimus
728 192 935 238 mundum,
955 195 996 228 in
1017 205 1095 242 quo
1116 192 1176 229 his
1196 192 1352 242 legibus

163 248 316 282 vivitur.
388 245 548 289 Placet3
596 259 700 295 pare.
776 246 867 282 Non
900 245 1057 295 placet;
1104 258 1352 296 quacumque

163 302 232 344 vis,
254 302 327 336 exi.
388 299 615 349 Indignare,
636 303 667 336 si
688 300 783 349 quid
805 303 846 336 in
866 305 908 337 te
928 303 1055 350 iniqui
1078 303 1235 350 proprie
1260 313 1352 336 con-

163 356 348 389 stitutum
370 359 454 397 est3
484 353 554 390 sed
574 357 605 389 si
626 353 725 390 haec
746 367 919 391 summos
939 357 1117 404 imosque
1138 357 1354 390 necessitas

162 406 313 455 alligat,
334 410 374 442 in
404 410 571 456 gratiam
601 421 690 443 cum
720 408 802 444 fato
831 413 1046 454 revertere,
1066 421 1089 444 a
1117 421 1195 458 quo
1223 410 1355 444 omnia

96 464 142 500 16
162 460 424 497 resolvuntur.
486 461 575 497 Non
597 467 657 498 est
681 461 787 511 quod
816 475 887 498 nos
919 461 1081 499 tumulis
1107 464 1283 499 metiaris
1312 466 1354 498 et

163 514 223 550 his
265 518 548 560 monumentis,
587 529 687 565 quae
729 519 833 552 viam
874 516 1045 565 disparia
1091 521 1355 565 praetexunt;

162 574 308 618 aequat
337 582 474 606 omnes
504 572 611 606 cinis.
674 569 836 619 Inpares
865 573 1075 615 nascimur,
1098 583 1212 619 pares
1238 572 1355 606 mori-

162 636 260 659 mur.
322 622 435 659 Idem
455 623 505 659 de
526 624 688 660 urbibus
709 624 815 673 quod
835 623 886 660 de
908 625 1064 660 urbium
1084 623 1222 660 incolis
1243 623 1355 660 dico:

164 682 246 713 tam
285 677 418 713 Ardea
452 682 568 726 capta
606 690 725 726 quam
766 677 889 714 Roma
927 683 998 715 est.
1059 678 1251 715 Conditor
1287 676 1356 714 ille

163 733 256 766 iuris
278 730 440 766 humani
465 744 544 766 non
569 731 768 768 natalibus
783 732 795 754 1
816 744 887 768 nos
911 745 986 769 nee
1011 735 1217 768 nominum
1244 731 1355 767 clari—

164 789 248 820 tate
273 784 470 830 distinxit,
490 788 564 820 nisi
594 785 689 821 dum
719 798 863 822 sumus.
925 785 1004 823 Ubi
1034 799 1126 823 vero
1155 786 1205 822 ad
1235 785 1356 821 finem

164 838 390 874 mortalium
419 843 585 875 ventum
606 844 680 885 est,
704 839 942 885 “discede,'’
965 843 1110 889 inquit,
1131 844 1155 860 “
1167 839 1355 876 ambitio!

164 895 354 938 omnium,
381 905 482 942 quae
512 897 657 929 terram
689 899 890 943 premunt,
915 894 1107 943 siremps2
1135 893 1200 930 lex
1230 892 1353 930 esto.”

167 946 228 982 Ad
245 949 376 981 onmia
392 946 580 995 patienda
596 960 709 995 pares
723 960 856 984 sumus
872 960 880 990 3
905 960 1023 984 nemo
1038 947 1165 984 altero
1181 946 1357 996 fragilior

163 1005 238 1045 est,
259 1013 376 1036 nemo
397 1003 437 1036 in
458 1003 673 1037 crastinum
695 1004 753 1037 sui
774 1004 928 1038 certior.

96 1056 141 1093 17
231 1054 460 1090 Alexander
496 1054 762 1091 Macedonum
796 1068 865 1091 rex
903 1055 1056 1092 discere
1094 1057 1355 1104 geometriam

163 1113 362 1156 coeperat,
394 1108 544 1153 infelix,
572 1111 753 1154 sciturus,
784 1122 902 1159 quam
932 1109 1074 1159 pusilla
1103 1115 1208 1146 terra
1237 1113 1356 1153 esset,

164 1174 212 1197 ex
238 1174 315 1210 qna
342 1165 549 1198 minimum
578 1169 851 1211 occupaverat.
912 1163 973 1199 Ita
1000 1163 1111 1199 dico:
1141 1162 1282 1200 infelix
1306 1162 1357 1198 ob

164 1214 252 1260 hoc,
290 1215 396 1264 quod
435 1216 674 1264 intellegere
718 1216 894 1253 debebat
935 1216 1078 1253 falsum
1126 1230 1167 1254 se
1215 1229 1355 1266 gerere

163 1281 397 1316 cognomen.
458 1268 556 1314 Quis
573 1272 679 1306 enim
697 1283 781 1306 esse
798 1283 965 1319 magnus
982 1274 1022 1306 in
1039 1270 1182 1320 pusillo
1198 1271 1356 1319 potest?

164 1321 289 1358 Erant
309 1322 387 1366 illa,
409 1336 510 1372 quae
532 1323 806 1369 tradebantur,
827 1324 988 1372 suptilia
1015 1329 1056 1360 et
1083 1324 1271 1373 diligenti
1299 1327 1358 1360 in-

164 1379 345 1412 tentione
367 1376 570 1421 discenda,
586 1390 665 1413 non
686 1390 787 1426 quae
804 1380 1030 1426 perciperet
1051 1391 1218 1415 vesanus
1238 1377 1357 1414 homo

369 1470 376 1489 ¹
402 1470 575 1502 natalibus
591 1470 680 1502 later
697 1469 800 1503 MSS.
817 1482 825 1509 3
852 1483 920 1503 non
937 1472 1062 1504 talibus
1078 1471 1155 1504 BA.

310 1514 322 1532 ἵ
344 1514 486 1556 siremps
503 1513 690 1550 Cuiacius:
713 1514 879 1546 seremiles
898 1514 947 1553 B3
970 1527 1040 1547 sere
1056 1516 1151 1547 miles
1166 1515 1210 1548 A.

215 1650 228 1663 ¹¹
253 1643 385 1679 Ardea,
410 1642 472 1674 the
496 1642 637 1674 earliest
660 1641 791 1684 capital
814 1642 854 1674 of
876 1641 1031 1679 Latium,
1049 1643 1120 1675 and
1145 1643 1270 1680 Rome,
1295 1643 1357 1676 the

162 1689 306 1727 present
329 1686 459 1728 capital
482 1686 523 1717 of
550 1685 611 1717 the
635 1687 779 1726 empire.
829 1684 966 1718 Seneca
989 1686 1163 1728 probably
1187 1687 1297 1719 refers
1320 1689 1358 1719 to

162 1729 311 1761 Ardea's
342 1732 488 1771 capture
518 1728 589 1760 and
620 1728 838 1760 destruction
872 1729 920 1771 by
943 1729 1004 1761 the
1036 1728 1213 1762 Samnites
1238 1732 1272 1762 in
1296 1730 1358 1762 the

162 1773 281 1805 fourth
298 1775 447 1814 century
463 1786 472 1809 ;
498 1772 611 1804 Rome
626 1782 696 1804 was
712 1771 884 1813 captured
901 1772 949 1814 by
962 1772 1023 1804 the
1036 1772 1133 1806 Celts
1151 1775 1184 1804 in
1209 1775 1273 1805 390
1290 1784 1353 1805 13.c.

161 1815 236 1847 The
263 1816 394 1848 former
416 1818 601 1890 greafftness
625 1815 665 1847 of
686 1815 805 1847 Ardea
829 1826 900 1847 was
928 1815 1129 1849 celebrated
1153 1816 1200 1858 by
1224 1817 1356 1858 Vergil,

162 1860 307 1896 Aeneid,
327 1861 383 1892 vii,
403 1862 462 1890 411
511 1884 517 1890 .
535 1872 541 1890 ε

495 1919 524 1943 et
537 1924 615 1942 nune
628 1924 763 1949 magnum
777 1920 874 1944 manet
884 1918 978 1944 Ardea
992 1926 1105 1951 nomen,

428 1951 482 1977 Sed
496 1952 613 1976 fortuna
628 1951 692 1976 suit.

217 2026 228 2044 ²*
254 2025 404 2065 Siremps
435 2024 487 2063 (or
517 2021 839 2064 sirempse—Plaut.
872 2023 1002 2065 Amph.
1037 2024 1103 2063 73),
1136 2035 1181 2056 an
1213 2026 1355 2058 ancient

163 2082 239 2113 442
