1434 2333
98 1008 119 1043 Ν.)

125 1008 145 1044 [0

393 136 509 173 THE
539 134 793 172 EPISTLES
825 134 896 171 OF
925 133 1139 172 SENECA

170 224 312 261 damna
350 227 520 273 corporis
551 227 738 260 miserum
777 236 856 260 non
885 223 1050 270 faciunt,
1080 224 1243 262 beatum
1273 238 1359 263 esse

169 292 384 338 patiuntur.
445 289 546 325 Nam
567 289 709 339 quibus
736 292 917 338 potentia
937 302 1018 326 non
1042 295 1103 327 est
1123 293 1163 326 in
1183 293 1360 340 peiorem

168 354 459 392 transferendil
524 359 685 400 statum,
737 367 788 391 ne
853 354 1138 404 interpellandi
1196 356 1359 406 quidem

169 422 374 469 optimum.

236 489 259 506 “
275 484 514 534 Frigidum,”
538 487 680 534 inquit,
697 489 720 505 “
736 484 885 534 aliquid
912 491 954 522 et
975 485 1147 522 calidum
1166 489 1360 532 novimus,

167 553 272 587 inter
292 555 505 599 utrumque
534 549 717 599 tepidum
747 554 834 594 est3
865 552 919 587 sic
949 550 1090 601 aliquis
1120 551 1261 589 beatus
1285 556 1360 598 est,

167 615 306 666 aliquis
336 618 465 661 miser,
495 615 635 665 aliquis
664 627 738 652 nec
767 615 909 652 beatus
938 628 1014 653 nec
1043 616 1200 653 miser.''
1259 616 1360 654 Volo

168 680 269 717 hanc
312 686 447 717 contra
486 694 555 717 nos
594 684 765 730 positam
803 683 1020 731 imaginem
1059 687 1259 719 excutere.
1318 680 1360 719 Si

168 746 304 796 tepido
334 746 390 782 illi
419 746 506 796 plus
545 746 679 795 frigidi
708 749 924 795 ingessero,
954 746 1023 784 fiet
1057 746 1257 797 frigidum.
1317 746 1360 784 Si

166 811 252 860 plus
292 811 408 848 calidi
446 811 652 857 adfudero,
691 811 760 849 fiet
804 814 1015 850 novissime
1061 812 1244 850 calidum.
1303 813 1359 849 At

167 876 257 913 huic
305 889 379 913 nec
426 880 569 914 misero
614 890 689 914 nec
736 877 855 914 beato
902 882 1270 928 quantumcumque
1308 877 1359 913 ad

165 945 340 979 miserias
377 941 573 987 adiecero,
610 945 729 980 miser
766 955 848 978 non
895 944 984 988 erit,
1022 942 1359 993 quemadmodum

166 1007 320 1052 dicitis;
351 1020 445 1057 ergo
465 1011 596 1058 imago
616 1010 691 1044 ista
711 1007 911 1044 dissimilis
933 1013 1002 1045 est.
1065 1008 1224 1046 Deinde
1245 1008 1359 1045 trado

166 1074 237 1110 tibi
285 1073 486 1110 hominem
535 1086 609 1110 nec
655 1076 844 1110 miserum
882 1086 956 1110 nec
999 1075 1172 1111 beatum.
1251 1073 1359 1110 Huic

165 1138 291 1175 adicio
308 1141 543 1176 caecitatem
562 1151 570 1182 ;
596 1151 677 1175 non
692 1138 737 1175 fit
751 1141 879 1176 miser.
924 1139 1065 1176 Adicio
1081 1139 1333 1177 debilitatem
1349 1152 1358 1183 ;

165 1217 245 1240 non
274 1205 317 1241 fit
337 1207 465 1242 miser.
525 1204 667 1240 Adicio
698 1203 854 1241 dolores
884 1207 1094 1241 continuos
1124 1209 1166 1242 et
1195 1216 1358 1254 graves;

164 1272 283 1306 miser
311 1283 391 1306 non
420 1270 474 1306 fit.
533 1269 666 1316 Quem
695 1275 778 1306 tam
811 1269 938 1306 multa
957 1270 1060 1306 mala
1094 1273 1135 1306 in
1173 1272 1356 1306 miseram

165 1337 285 1371 vitam
306 1348 385 1371 non
407 1334 665 1380 transferunt,
685 1348 736 1372 ne
766 1347 815 1371 ex
835 1335 953 1371 beata
973 1335 1136 1384 quidem
1166 1334 1353 1372 educunt.

97 1396 144 1432 23
166 1399 205 1436 Si
226 1414 305 1436 non
326 1406 473 1450 potest,
495 1406 539 1438 ut
559 1401 704 1446 dicitis,
721 1403 878 1450 sapiens
899 1413 948 1437 ex
969 1401 1088 1437 beato
1108 1403 1149 1436 in
1169 1403 1356 1437 miserum

95 1860 143 1895 24

164 1465 363 1511 decidere,
397 1479 477 1502 non
506 1470 640 1515 potest
674 1469 714 1502 in
743 1478 824 1502 non
852 1466 1026 1502 beatum.
1087 1464 1219 1511 Quare
1249 1468 1357 1502 enim

164 1533 231 1579 qui
260 1530 337 1567 labi
368 1531 531 1580 coepit,‘2
559 1531 704 1567 alicubi
735 1531 951 1567 subsistat?
1008 1530 1122 1576 Quae
1152 1543 1213 1567 res
1242 1529 1356 1566 illum

163 1608 243 1631 non
280 1600 430 1645 patitur
467 1597 517 1633 ad
555 1600 677 1633 imum
720 1596 890 1642 devolvi,
923 1599 1072 1634 retinet
1110 1599 1151 1632 in
1190 1608 1353 1633 summo.

164 1659 313 1705 Quidni
342 1675 422 1697 non
452 1665 574 1711 possit
603 1663 721 1699 beata
750 1665 831 1698 vita
859 1661 1058 1699 rescindi?
1115 1661 1177 1698 Ne
1203 1663 1355 1699 remitti

163 1726 324 1775 quidem
353 1732 499 1776 potest,
529 1732 570 1764 et
600 1727 691 1764 ideo
722 1730 845 1764 virtus
879 1727 929 1763 ad
963 1727 1072 1763 illam
1102 1740 1173 1776 per
1201 1739 1243 1764 se
1271 1729 1355 1776 ipsa

164 1794 257 1827 satis
278 1796 349 1828 est.

230 1860 254 1876 “
271 1855 377 1901 Quid
399 1857 560 1906 ergo?''
593 1860 736 1908 inquit,
766 1861 959 1908 “sapiens
988 1871 1069 1894 non
1099 1862 1160 1894 est
1189 1858 1354 1903 beatior,

343 1935 354 1954 ¹
380 1935 611 1977 transferendi
626 1935 714 1967 later
731 1935 835 1969 MSS.
853 1949 861 1973 ;
886 1935 1078 1968 tramiendi
1095 1935 1169 1968 BA.

317 1977 330 1996 2
353 1978 492 2020 quilabi
508 1979 614 2020 coepit
632 1978 816 2017 Muretus;
839 1979 898 2021 qui
915 1979 974 2011 illa
993 1979 1101 2021 coepit
1119 1978 1194 2012 BA.

350 2062 365 2075 α
389 2056 600 2098 Answering
616 2056 677 2088 the
693 2056 869 2099 objection
887 2056 1003 2088 raised
1020 2058 1053 2088 in
1072 2057 1088 2094 §
1106 2059 1156 2090 14.

162 2105 238 2143 460
