1434 2333
382 121 499 158 THE
528 120 782 158 EPISTLES
812 120 883 159 OF
912 120 1122 159 SENECA

159 223 288 247 rerum
313 222 490 246 mearum
517 214 657 254 status,
678 209 773 258 quid
799 209 1026 250 adferrent;
1055 209 1149 245 olim
1172 212 1248 246 iam
1273 223 1346 247 nec

159 266 261 313 perit
281 266 493 313 quicquam
521 262 619 299 mihi
647 275 722 299 nec
750 262 981 312 adquiritur.
1045 263 1146 308 Hoc,
1166 265 1287 299 etiam
1316 266 1348 300 si

158 330 280 354 senex
296 330 376 353 non
392 329 533 361 essem,
546 316 676 353 fuerat
689 316 944 353 sentiendum
959 329 967 359 ;
996 329 1102 353 nunc
1117 329 1209 353 vero
1221 316 1349 353 multo

158 373 293 420 magis.
344 369 765 419 Quantulumcumque
786 369 988 415 haberem,
1008 375 1143 407 tamen
1163 370 1252 420 plus
1272 373 1349 406 iam

159 424 256 460 mihi
273 429 499 473 superesset
514 426 645 461 viatici
662 437 780 474 quam
796 427 894 469 viae,
908 427 1140 473 praesertim
1156 437 1246 460 cum
1262 437 1349 461 eam

160 481 263 514 viam
279 478 424 514 simus1
446 481 627 528 ingressi,
643 491 761 527 quam
782 491 972 527 peragere
992 491 1072 514 non
1092 483 1153 515 est
1172 490 1346 515 necesse.

119 530 141 566 4
163 532 246 569 Iter
258 532 524 581 inperfectum
535 534 622 577 erit,
632 534 662 567 si
675 534 717 567 in
731 531 861 568 media
870 536 983 580 parte
992 537 1062 568 aut
1070 534 1168 568 citra
1177 534 1350 581 petitum

162 586 291 622 locum
308 588 467 622 steteris
482 599 490 629 3
520 588 601 621 vita
616 599 696 621 non
713 590 774 622 est
794 584 1029 634 inperfecta,
1045 588 1076 622 si
1092 585 1261 622 honesta
1277 590 1348 622 est.

165 639 415 689 Ubicumque
436 639 607 684 desines,
624 641 655 676 si
674 639 778 675 bene
798 639 970 684 desines,
985 644 1072 676 tota
1093 643 1163 676 est.
1223 638 1351 688 Saepe

161 698 297 730 autem
321 698 362 730 et
386 693 543 730 fortiter
562 693 827 730 desinendum
850 698 911 729 est
936 698 977 729 et
1000 706 1079 729 non
1101 706 1149 730 ex
1173 695 1352 729 maximis

162 750 307 790 causis;
331 760 422 783 nam
439 760 513 783 nec
529 759 600 783 eae
613 746 628 770 2
648 749 841 784 maximae
863 752 967 791 sunt,
984 760 1085 796 quae
1105 759 1175 783 nos
1196 751 1350 783 tenent.

121 808 143 844 5
229 800 382 837 Tullius
422 800 690 845 Marcellinus,
719 813 839 850 quem
868 803 1018 849 optime
1052 813 1228 846 noveras,
1257 800 1353 837 adu-

162 855 316 891 lescens
351 854 535 904 quietus3
570 859 611 891 et
645 857 725 891 cito
758 867 893 899 Senex,
922 854 1059 890 morbo
1097 859 1139 890 et
1176 867 1256 890 non
1294 857 1353 890 in-

162 908 328 945 sanabili
362 912 566 957 correptus
600 907 671 944 sed
709 907 829 956 longo
863 912 905 944 et
942 907 1110 944 molesto
1148 913 1191 944 et
1228 907 1354 944 multa

163 965 398 1011 imperante,
426 964 558 1011 coepit
587 961 808 999 deliberare
837 961 888 998 de
916 966 1055 998 morte.
1115 961 1354 998 Convocavit

164 1015 386 1065 complures
419 1018 574 1052 amieos
650 1016 933 1065 Unusquisque
967 1020 1036 1052 aut
1070 1018 1161 1065 quia
1190 1015 1353 1052 timidus

165 1075 263 1115 erat,
291 1069 332 1106 id
361 1069 418 1105 illi
448 1069 653 1114 suadebat,
683 1069 789 1118 quod
821 1069 893 1105 sibi
927 1072 1125 1114 suasisset,
1155 1074 1224 1106 aut
1262 1071 1354 1118 quia

164 1123 347 1160 adulator
376 1128 417 1160 et
447 1122 630 1168 blandus,
664 1123 704 1159 id
739 1123 946 1159 consilium
981 1123 1115 1168 dabat,
1144 1122 1251 1172 quod
1284 1122 1353 1159 de-

123 1180 144 1216 6
163 1177 349 1214 liberanti
388 1180 538 1226 gratius
577 1176 660 1213 fore
699 1177 994 1225 suspicabatur;
1041 1179 1188 1213 amicus
1217 1182 1354 1213 noster

164 1230 334 1276 Stoicus,
363 1230 482 1267 homo
520 1233 705 1279 egregius
741 1235 795 1275 et,
826 1235 869 1266 ut
899 1231 1026 1266 verbis
1056 1230 1182 1275 illum,
1210 1231 1353 1280 quibus

164 1284 314 1321 laudari
353 1284 497 1333 dignus
537 1289 610 1329 est,
640 1283 813 1329 laudem,
843 1286 900 1319 vir
936 1283 1048 1320 fortis
1082 1297 1126 1320 ac
1156 1289 1354 1330 strenuus,

163 1338 322 1375 videtur
359 1337 456 1374 mihi
494 1341 645 1386 optime
684 1337 795 1373 illum
834 1337 1072 1374 cohortatus.
1145 1337 1208 1374 Sic
1247 1340 1354 1374 enim

164 1395 319 1440 coepit:
350 1396 374 1412 “
388 1391 492 1436 Noli,
513 1394 566 1427 1111
597 1391 842 1436 Marcelline,
863 1394 1051 1440 torqueri,
1072 1396 1274 1441 tamquam
1303 1391 1353 1428 de

217 1460 228 1480 ¹
251 1461 357 1492 simus
372 1460 461 1492 later
479 1459 581 1492 MSS.
599 1473 608 1496 ;
630 1471 747 1492 samus
763 1459 862 1492 VPb.

217 1504 230 1523 ‘2
253 1515 312 1536 nec
328 1514 384 1536 eae
400 1503 443 1536 O.
466 1503 650 1535 Rossbach
666 1517 674 1541 ;
699 1514 759 1535 vec
775 1508 803 1535 et
822 1502 921 1535 VPb.

218 1548 230 1567 3
252 1547 286 1580 J.
319 1546 373 1579 W.
410 1546 500 1578 Duff
527 1546 643 1578 would
679 1546 775 1583 read,
808 1546 893 1578 with
927 1545 1038 1582 Kron,
1071 1546 1190 1584 vietus,
1225 1546 1355 1583 “old,''

167 1596 189 1609 ‘⁶
203 1590 410 1622 withered.'‘

217 1665 231 1678 α
254 1657 339 1689 This
356 1657 522 1699 thought,
541 1657 652 1689 found
674 1659 707 1689 in
727 1657 794 1700 Ep.
815 1658 872 1690 xii.
894 1660 912 1688 6
935 1656 1006 1688 and
1027 1657 1127 1689 often
1150 1657 1352 1695 elsewhere,

164 1704 193 1734 is
209 1712 231 1734 a
247 1701 421 1733 favourite
438 1700 522 1733 with
540 1700 684 1733 Seneca.

217 1746 229 1765 b
255 1744 287 1776 It
304 1745 333 1776 is
351 1747 414 1776 not
431 1743 540 1786 likely
557 1744 636 1776 that
651 1744 723 1776 this
740 1743 969 1776 Marcellinus
986 1745 1014 1775 is
1032 1742 1093 1775 the
1111 1754 1208 1775 same
1225 1754 1352 1786 person

163 1799 202 1820 as
225 1788 287 1820 the
311 1786 537 1820 Marcellinus
561 1788 602 1819 of
621 1787 690 1829 Ep.
713 1788 818 1826 xxix.,
845 1787 996 1818 because
1020 1786 1060 1818 of
1079 1787 1171 1819 their
1191 1787 1355 1820 different

164 1833 270 1864 views
293 1841 339 1863 on
363 1830 576 1872 philosophy
598 1830 820 1872 (Summers).
871 1829 941 1862 But
963 1830 1063 1862 there
1086 1831 1115 1862 is
1140 1841 1185 1863 no
1209 1830 1354 1863 definite

164 1874 332 1907 evidence
348 1874 403 1906 for
418 1885 457 1906 or
472 1875 624 1915 against.

216 1925 228 1939 ⁰
253 1918 285 1949 A
313 1917 451 1950 Roman
475 1917 727 1958 compliment;
761 1916 822 1948 the
847 1915 986 1949 Greeks
1010 1916 1126 1948 would
1153 1916 1243 1948 have
1267 1917 1355 1949 used

165 1964 258 1993 καλὸς
276 1963 437 2001 κάγαθόςς
461 1961 506 1993 cf.
528 1960 681 1996 Horace,
704 1959 768 2001 Ep.
790 1961 810 1991 i.
832 1962 860 1991 7.
881 1962 922 1990 46

388 2021 530 2079 ἓῐιπθωωε
543 2022 573 2046 et
586 2021 671 2046 fortis
684 2020 834 2051 causisque
848 2020 1000 2052 Philippus
1012 2020 1129 2052 agendis

423 2061 498 2079 arus.

171 2099 244 2135 170
