1434 2333
387 109 502 146 THE
532 109 786 146 EPISTLES
816 109 887 145 OF
917 109 1126 146 SENECA

162 197 298 233 bitur?
357 197 520 242 Fortior,
544 202 590 233 ut
615 199 768 246 opinor,
792 210 912 242 esses,
932 199 963 232 si
990 196 1116 233 multa
1141 196 1249 233 milia
1278 196 1351 233 tibi

161 269 523 307 commorerentur;
561 266 673 314 atqui
706 264 833 301 multa
862 263 970 300 milia
998 268 1040 300 et
1071 263 1276 301 hominum
1310 268 1353 300 et

160 331 391 367 animalium
421 331 495 368 hoc
523 333 609 381 ipso
637 337 855 377 momento,
876 345 953 381 quo
983 336 1026 368 tu
1055 334 1154 368 mori
1180 331 1352 377 dubitas,

159 401 332 435 animam
361 402 476 436 variis
505 400 719 449 generibus
749 402 954 436 emittunt.
1013 399 1073 435 Tu
1102 404 1237 436 autem
1271 412 1351 436 non

159 467 327 514 putabas
362 471 403 504 te
435 466 648 516 aliquando
677 467 727 503 ad
750 467 801 503 ‘id
835 472 1132 516 perventurum,
1162 467 1212 504 ad
1246 466 1352 516 quod

160 547 317 584 semper
336 535 447 572 ibas?
506 534 671 571 Nullum
692 537 776 572 sine
797 538 907 571 exitu
927 538 1005 571 iter
1025 540 1096 571 est.

93 602 140 638 14
227 602 422 652 Exempla
442 615 548 639 nunc
574 615 808 652 magnorum
830 605 999 639 virorum
1019 615 1084 639 me
1110 603 1183 639 tibi
1203 602 1353 639 iudicas

159 669 377 706 relaturum
392 671 406 705 ?
456 670 670 707 Puerorum
683 669 862 706 referam.
910 669 1043 706 Lacon
1058 670 1125 706 ille
1138 673 1352 707 memoriae

160 737 331 774 traditur
363 738 522 787 inpubis
556 737 700 783 adhuc,
732 740 799 787 qui
832 742 970 787 captus
1005 738 1200 775 clamabat
1235 742 1351 774 “non

160 804 361 841 serviam'’
403 817 471 840 sua
509 804 577 840 illa
615 804 759 841 Dorica
797 805 946 854 lingua,
985 810 1027 842 et
1066 806 1193 842 verbis
1232 805 1351 842 fidem

159 875 358 920 inposuit;
389 878 433 909 ut
460 875 630 921 primum
651 875 776 908 iussus
803 877 864 909 est
890 873 1021 909 servili
1048 872 1161 922 fungi
1189 878 1230 909 et
1260 886 1352 910 con-

159 941 369 979 tumelioso
407 945 641 987 ministerio,
679 941 835 979 adferre
882 945 989 978 enim
1027 955 1093 979 vas
1135 943 1351 979 obscenum

91 1016 137 1053 15
158 1016 382 1060 iubebatur,
412 1015 571 1051 inlisum
604 1017 745 1064 parieti
775 1020 895 1064 caput
924 1018 1041 1065 rupit.
1101 1015 1199 1051 Tam
1228 1028 1351 1065 prope

157 1082 320 1119 libertas
349 1087 434 1127 est;
474 1088 515 1119 et
550 1085 670 1119 servit
703 1082 873 1132 aliquis?
932 1083 993 1119 Ita
1023 1096 1100 1119 non
1134 1086 1188 1119 sic
1223 1086 1350 1132 perire

158 1150 282 1187 filium
302 1156 417 1187 tuum
444 1149 583 1187 malles
610 1163 729 1199 quam
758 1163 829 1199 per
857 1153 1042 1187 inertiam
1072 1163 1209 1188 senem
1239 1150 1350 1188 fieri?

158 1217 267 1263 Quid
287 1231 381 1267 ergo
403 1223 477 1263 est,
498 1231 567 1254 cur
593 1218 849 1266 perturberis,
870 1221 900 1253 si
926 1221 1024 1254 mori
1052 1218 1208 1255 fortiter
1228 1221 1347 1255 etiam

156 1285 308 1335 puerile
330 1286 419 1322 est?
478 1285 578 1322 Puta
598 1285 704 1322 nolle
733 1290 775 1322 te
803 1288 937 1335 sequi3
967 1285 1132 1322 duceris.
1193 1285 1269 1322 Fac
1290 1289 1348 1322 tui

155 1353 262 1399 iuris,
283 1353 389 1403 quod
416 1353 535 1389 alieni
557 1357 627 1389 est.
689 1353 780 1389 Non
801 1366 930 1390 sumes
955 1356 1066 1402 pueri
1088 1356 1282 1402 spiritum,
1304 1360 1349 1391 ut

155 1421 262 1457 dicas
306 1424 422 1456 “non
471 1420 663 1457 servio''?
740 1420 898 1466 Infelix,
941 1424 1061 1458 servis
1109 1421 1347 1468 hominibus,

155 1491 275 1526 servis
313 1488 444 1533 rebus,
483 1491 602 1524 servis
642 1491 757 1525 vitae.
819 1488 920 1525 Nam
959 1491 1052 1534 vita,
1083 1492 1114 1525 si
1152 1490 1346 1526 moriendi

156 1559 278 1593 virtus
298 1556 425 1600 abest,
446 1558 614 1592 servitus
635 1561 705 1592 est.

88 1626 136 1662 16
223 1623 378 1673 Ecquid
393 1623 528 1669 habes,
545 1628 709 1673 propter
723 1623 830 1674 quod
847 1630 1034 1673 expectes
1050 1625 1063 1660 ?
1108 1625 1345 1675 Voluptates

155 1694 271 1740 ipsas,
301 1704 402 1740 quae
436 1696 477 1727 te
512 1697 716 1728 morantur
748 1705 793 1727 ac
828 1695 1018 1737 retinent,
1053 1696 1341 1742 consumpsisti.

158 1759 276 1795 Nulla
304 1759 377 1795 tibi
408 1771 508 1795 nova
535 1764 608 1804 est,
629 1759 738 1795 nulla
758 1773 837 1795 non
862 1762 939 1795 iam
966 1760 1099 1797 odiosa
1123 1763 1207 1809 ipsa
1227 1764 1343 1798 sat-ie-

205 1903 220 1916 α
244 1895 310 1928 See
343 1895 520 1932 Plutarch,
555 1896 646 1928 Mor.
683 1898 745 1928 2³34
769 1896 803 1934 b,
836 1896 890 1928 for
920 1907 940 1928 a
969 1897 1100 1929 similar
1130 1901 1188 1930 act
1215 1898 1256 1930 of
1283 1899 1342 1932 the

153 1939 305 1981 Spartan
330 1938 400 1980 boy
425 1939 595 1981 captured
619 1939 666 1981 by
683 1939 780 1981 King
802 1939 1015 1981 Antigonus.
1066 1940 1190 1974 Hense
1202 1942 1339 1983 (Rlzec'u.

152 1982 244 2014 Mus.
264 1982 355 2014 xlvii.
377 1993 435 2024 pp.
457 1984 519 2014 220
542 1982 584 2021 f.)
600 1982 722 2015 thinks
746 1983 825 2015 that
848 1983 918 2015 this
944 1986 1042 2026 story
1059 1995 1142 2026 may
1166 1985 1209 2017 be
1232 1985 1340 2018 taken

152 2025 242 2057 from
261 2025 362 2063 Bion,
378 2025 437 2057 the
455 2025 714 2068 third-century
731 2028 863 2058 satirist
880 2027 950 2059 and
968 2027 1077 2060 moral
1094 2028 1330 2070 philosopher.

157 2076 230 2116 176
