1434 2333
382 87 497 124 THE
527 87 781 125 EPISTLES
813 87 884 123 OF
914 86 1124 124 SENECA

121 175 266 212 3inter
298 178 424 211 otium
454 180 496 211 et
525 174 781 211 conditivum.
840 173 986 220 “Quid
1016 174 1172 223 ergo?''
1206 177 1348 224 inquis,

161 238 185 254 ‘⁶
198 247 278 270 non
299 236 420 270 satius
441 238 502 270 est
522 233 585 270 vel
612 236 666 270 sic
686 236 815 270 iacere
835 246 953 283 quam
969 236 1010 269 in
1030 236 1114 270 istis
1135 233 1347 269 officiorum

160 293 374 329 verticibus
403 292 633 329 volutari?”
699 292 878 342 Utraque
907 305 968 329 res
997 292 1244 329 detestabilis
1274 297 1348 336 est,

161 356 203 388 et
223 354 442 388 contractio
463 356 504 388 et
524 357 667 401 torpor.
730 351 843 397 Puto,
864 364 990 401 aeque
1011 354 1078 401 qui
1098 354 1139 387 in
1163 350 1348 387 odoribus

160 413 276 456 iacet,
297 416 475 448 mortuus
496 416 557 448 est
577 424 696 460 quam
716 413 782 460 qui
803 413 953 460 rapitur
973 423 1085 447 unco.

229 470 369 507 Otium
415 473 500 507 sine
548 470 691 506 litteris
738 482 841 506 mors
879 474 940 506 est
983 474 1025 506 et
1062 469 1232 505 hominis
1271 471 1347 505 vivi

118 533 141 567 4
159 530 374 578 sepultura.
433 529 542 575 Quid
572 529 718 565 deinde
751 528 913 577 prodest
942 529 1175 565 secessisse?
1233 527 1348 563 Tam-

159 602 277 638 quam
315 602 395 625 non
438 593 545 624 trans
587 591 708 624 maria
750 601 820 624 nos
858 587 1170 624 sollicitudinum
1209 599 1347 623 causae

159 647 469 697 persequantur!
529 646 642 692 Quae
663 647 815 683 latebra
835 652 908 691 est,
925 649 965 682 in
987 659 1104 696 quam
1124 659 1205 682 non
1224 648 1348 682 intret

160 712 290 743 metus
329 708 495 743 mortis?
569 705 682 751 Quae
721 711 801 742 tam
842 708 1019 742 emunita
1059 710 1100 742 et
1137 708 1178 741 in
1221 705 1347 741 altum

160 765 355 802 subducta
401 768 506 802 vitae
553 768 677 814 quies,
717 778 835 814 quam
881 778 960 800 non
1008 764 1119 800 dolor
1160 764 1348 800 territet?

160 824 421 874 Quacumque
455 829 497 861 te
526 823 739 869 abdideris,
767 823 870 859 mala
899 823 1071 859 humana
1101 825 1348 859 circumstre-

158 890 268 933 pent.
329 883 460 920 Multa
489 888 600 920 extra
630 888 735 928 sunt,
759 895 860 932 quae
890 885 1137 919 circumeunt
1166 894 1250 927 nos,
1271 894 1348 931 quo

157 948 225 979 aut
240 944 251 966 1
274 943 413 979 fallant
439 948 508 979 aut
535 947 718 991 urgeant,
738 942 864 978 multa
884 944 1004 987 intus,
1025 954 1126 991 quae
1152 944 1194 977 in
1217 940 1349 977 media

158 1002 372 1039 solitudine
395 1007 639 1039 exaestuant.

116 1060 138 1095 5
226 1061 478 1110 Philosophia
492 1060 771 1097 circumdanda
786 1065 860 1105 est,
868 1059 1188 1108 inexpugnabilis
1200 1072 1347 1104 murus,

157 1134 277 1170 quem
298 1120 456 1156 fortuna
477 1120 611 1156 multis
632 1119 824 1155 machinis
844 1119 1072 1155 lacessitum
1092 1131 1172 1154 non
1192 1120 1345 1154 transit.

158 1179 205 1216 In
225 1179 482 1228 insuperabili
502 1179 588 1215 loco
609 1183 687 1215 stat
708 1181 874 1223 animus,
890 1180 957 1227 qui
974 1182 1137 1214 externa
1159 1177 1348 1221 deseruit,

157 1244 198 1275 et
214 1251 302 1275 arce
319 1251 361 1275 se
377 1251 446 1274 sua
462 1238 659 1281 vindicat3
688 1237 790 1273 infra
810 1237 922 1272 illum
942 1249 1059 1272 omne
1081 1236 1208 1272 telum
1228 1235 1344 1272 cadit.

158 1298 248 1334 Non
269 1297 405 1342 habet,
418 1301 463 1333 ut
485 1301 679 1345 putamus,
698 1295 857 1331 fortuna
876 1295 1014 1344 longas
1029 1307 1192 1337 manus3
1221 1297 1346 1330 nemi-

116 1360 137 1396 6
156 1369 249 1393 nem
278 1360 445 1404 occupat
474 1358 549 1391 nisi
578 1355 813 1391 haerentem
841 1354 924 1390 sibi.
986 1354 1126 1402 Itaque
1153 1358 1344 1403 quantum

157 1428 376 1464 possumus,
391 1415 441 1451 ab
462 1414 529 1450 illa
548 1414 766 1450 resiliamus
785 1426 793 1457 ;
823 1413 929 1462 quod
950 1412 1030 1448 sola
1051 1412 1269 1461 praestabit
1289 1415 1347 1449 sui

157 1479 405 1523 naturaeque
445 1472 652 1523 cognitio-2
709 1472 830 1517 Sciat,
864 1485 942 1522 quo
980 1474 1105 1508 iturus
1143 1474 1207 1516 sit,
1240 1471 1348 1508 unde

157 1539 278 1578 ortus,
299 1533 407 1583 quod
435 1532 493 1568 illi
522 1533 684 1577 bonum,
705 1531 811 1581 quod
839 1530 986 1567 malum
1013 1533 1077 1576 sit,
1098 1529 1194 1580 quid
1220 1534 1348 1579 petat,

157 1592 253 1643 quid
287 1595 425 1637 evitet,
460 1604 560 1641 quae
592 1594 643 1628 sit
671 1591 738 1627 illa
766 1593 880 1636 ratio,
909 1603 1010 1639 quae
1039 1589 1268 1638 adpetenda
1301 1602 1346 1626 ac

386 1686 396 1706 ¹
420 1698 484 1729 quo
501 1691 562 1718 ‹1ch
578 1686 666 1718 later
682 1684 785 1718 MSS.
804 1698 812 1721 ;
836 1695 919 1726 quae
937 1688 996 1715 aut
1013 1682 1112 1715 VPb.

285 1729 298 1749 ²
321 1729 465 1772 coynitio
482 1729 570 1761 later
587 1728 689 1761 MSS.
707 1742 716 1765 ς
741 1727 888 1760 conditio
906 1726 987 1763 Vb;
1011 1725 1163 1758 condicio
1178 1736 1211 1768 p.

209 1839 225 1852 ‘²
251 1831 467 1864 Conditivum
484 1832 595 1872 (more
612 1829 811 1872 frequently
829 1829 900 1860 and
920 1828 1084 1870 properly
1102 1828 1344 1869 conditorium)

156 1877 185 1907 is
206 1886 227 1907 a
247 1877 338 1916 grim
358 1875 440 1916 jest.
489 1874 563 1906 The
587 1874 683 1906 word
706 1875 734 1905 is
759 1872 889 1914 mostly
906 1871 1017 1903 found
1038 1873 1073 1903 in
1094 1882 1140 1903 an
1156 1870 1343 1912 adjectival

156 1928 259 1950 sense
276 1918 446 1960 applying
461 1921 499 1950 to
516 1917 619 1949 fruits
635 1916 706 1948 and
721 1918 820 1958 grain
836 1915 950 1947 stov-ecl
965 1915 1019 1946 for
1034 1914 1122 1946 later
1138 1924 1210 1946 use.

209 1963 221 1981 ⁶
245 1961 418 2004 Compare
454 1961 620 1993 Arnold’s
660 1958 864 1992 nineteenth
875 1960 1047 2000 -century
1086 1956 1269 1989 definition
1307 1957 1348 1989 of

155 2004 301 2037 culture.

158 2061 233 2092 24⁶2
