1434 2333
134 674 183 710 30

136 953 180 989 31

423 85 539 122 THE
569 84 823 121 EPISTLES
854 84 924 121 OF
954 84 1161 122 SENECA

200 175 343 226 quibus
376 187 457 209 non
491 186 581 210 cum
614 172 731 219 fama,
760 172 829 209 sed
864 186 954 209 cum
988 186 1117 210 rerum
1151 178 1291 210 natura
1322 173 1390 210 de-

200 245 450 282 liberandum
479 249 563 287 est;
598 243 697 280 nihil
726 243 878 281 habent
911 246 986 281 ista
1018 244 1284 294 magnificum,
1313 257 1391 294 quo

201 300 366 352 mentes
379 318 420 351 in
435 328 477 352 se
493 319 645 351 nostras
662 314 836 360 trahant,
853 319 1011 364 praeter
1030 314 1118 361 hoc,
1134 314 1241 365 quod
1262 317 1391 350 mirari

200 387 268 423 illa
302 389 588 424 consuevimus.
662 386 753 422 Non
792 389 911 432 enim,
945 389 1037 436 quia
1074 386 1392 436 concupiscenda

202 463 308 504 sunt,
346 457 571 503 laudantur,
610 457 679 494 sed
721 459 1066 506 concupiscuntur,
1104 460 1197 507 quia
1233 457 1393 493 laudata

202 534 308 574 sunt,
346 533 388 565 et
426 542 516 565 cum
554 528 801 577 singulorum
839 541 946 564 error
990 528 1193 577 publicum
1237 527 1392 574 fecerit,

201 599 446 649 singulorum
467 612 639 636 errorem
659 598 755 635 facit
774 599 967 648 publicus.

270 669 351 707 Sed
389 669 726 719 quemadmodum
764 669 832 705 illa
869 668 1122 715 credidimus,
1157 672 1210 706 sic
1244 674 1286 706 et
1319 668 1393 705 1100

203 740 335 777 eidem
382 740 529 789 populo
574 740 792 786 credamus,
830 740 930 776 nihil
975 753 1060 777 esse
1103 745 1216 789 grato
1263 743 1394 776 animo

204 810 419 847 honestius.
480 809 631 847 Omnes
660 810 735 846 hoc
764 811 894 855 urbes,
923 823 1060 847 omnes
1081 813 1202 847 etiam
1230 824 1279 847 ex
1307 811 1394 846 bar-

203 882 306 917 baris
326 881 554 929 regionibus
574 885 718 930 gentes
739 880 1054 917 conclamabunt.
1115 881 1163 917 In
1189 880 1262 917 hoc
1283 881 1395 917 bonis

204 951 396 1001 malisque
426 954 648 988 conveniet.
709 951 838 988 Erunt
867 953 934 1001 qui
963 951 1189 1000 voluptates
1217 951 1396 996 laudent,

205 1026 321 1058 erunt
351 1025 418 1071 qui
447 1021 600 1058 labores
630 1022 796 1066 malint3
826 1027 944 1058 erunt
973 1024 1040 1071 qui
1069 1021 1246 1058 dolorem
1275 1025 1396 1058 maxi—

204 1106 313 1129 mum
346 1092 494 1129 malum
527 1092 676 1138 dicant,
711 1097 829 1129 erunt
861 1095 929 1142 qui
967 1105 1018 1129 ne
1052 1092 1201 1129 malum
1234 1093 1395 1142 quidem

204 1164 434 1213 appellent3
473 1164 629 1200 divitias
663 1164 804 1214 aliquis
838 1164 887 1200 ad
918 1177 1114 1200 summum
1148 1165 1296 1200 bonum
1327 1164 1395 1200 ad-

205 1237 355 1280 mittet,
375 1234 473 1271 alius
494 1234 580 1271 illas
600 1234 709 1271 dicet
728 1234 832 1271 malo
853 1237 957 1271 vitae
982 1234 1178 1271 humanae
1206 1240 1396 1284 repertas,

204 1304 304 1341 nihil
325 1318 409 1341 esse
431 1318 477 1341 eo
498 1304 748 1353 locupletius,
769 1307 831 1340 cui
852 1304 958 1354 quod
982 1304 1107 1341 donet
1132 1304 1291 1341 fortuna
1317 1318 1397 1341 non

205 1378 368 1412 invenit.
431 1374 475 1410 In
497 1379 610 1411 tanta
630 1374 863 1411 iudiciorum
888 1374 1119 1412 diversitate
1145 1375 1397 1412 referendam

205 1447 309 1483 bene
330 1445 577 1482 merentibus
597 1448 765 1495 gratiam
781 1458 918 1482 omnes
938 1445 1012 1482 tibi
1033 1459 1125 1490 uno,
1145 1445 1251 1495 quod
1271 1449 1397 1491 aiunt,

206 1530 272 1554 ore
299 1516 574 1553 adfirmabunt.
635 1515 683 1552 In
709 1515 784 1553 1100
811 1521 891 1552 tam
919 1516 1066 1553 discors
1093 1517 1209 1553 turba
1232 1530 1397 1553 consen-

205 1590 305 1632 tiet3
344 1601 433 1624 cum
466 1590 625 1624 interim
654 1589 814 1623 iniurias
848 1601 917 1636 pro
950 1587 1153 1624 beneficiis
1181 1588 1398 1634 reddimus,

206 1663 249 1695 et
287 1661 412 1707 prima
446 1670 561 1694 causa
595 1663 669 1703 est,
703 1671 771 1694 cur
804 1660 891 1707 quis
925 1660 1103 1707 ingratus
1136 1661 1200 1703 sit,
1235 1661 1266 1694 si
1305 1661 1398 1695 satis

167 1740 173 1746 ·
206 1734 342 1779 gratus
372 1741 457 1766 esse
486 1742 567 1765 non
596 1731 737 1778 potuit.
796 1729 854 1765 Eo
883 1728 1099 1778 perductus
1127 1734 1187 1766 est
1214 1728 1333 1775 furor,
1354 1735 1399 1766 ut

207 1800 536 1849 periculosissima
570 1812 631 1836 res
666 1802 717 1836 sit
751 1799 941 1836 beneficia
974 1802 1014 1835 in
1048 1799 1221 1849 aliquem
1255 1813 1398 1850 magna

208 1870 411 1914 conferre;
453 1883 545 1906 nam
579 1873 670 1920 quia
704 1875 820 1919 putat
849 1875 965 1919 turpe
999 1882 1079 1906 non
1108 1870 1289 1917 reddere,
1318 1884 1396 1907 non

208 1941 294 1978 vult
328 1954 427 1988 esse,
459 1944 523 1978 cui
556 1940 709 1978 reddat.
780 1940 867 1977 Tibi
902 1940 1018 1986 habe,
1049 1941 1155 1991 quod
1188 1944 1400 1991 accepisti3

209 2059 284 2092 238
