1434 2333
405 95 521 131 THE
552 93 808 131 EPISTLES
840 93 911 130 OF
940 92 1152 130 SENECA

178 186 307 218 torem
327 185 570 229 tempestate
590 193 634 215 ac
650 178 836 228 procella,
853 181 944 229 quia
959 192 1038 215 non
1055 182 1177 227 possit
1192 179 1246 224 id,
1263 179 1369 229 quod

177 243 396 292 proposuit,
417 242 572 279 efficere
592 254 668 278 nec
687 246 829 278 tenere
850 254 1007 278 cursum
1027 254 1165 285 suum3
1194 241 1368 278 deterio-

177 318 261 342 rem
281 305 395 341 illum
414 307 455 341 in
470 309 555 341 arte
572 317 641 341 sua
654 317 736 340 non
751 303 848 348 fieri,
863 306 904 339 in
925 316 1044 352 opere
1060 303 1154 340 fieri.
1213 301 1368 348 Quibus

180 368 468 417 Peripateticus
489 366 658 416 “ergo,''
680 369 824 415 inquit,
846 369 870 386 “
884 370 925 402 et
946 367 1169 414 sapientem
1197 364 1369 402 deterio-

178 443 261 466 rem
290 429 411 466 faciet
448 434 674 478 paupertas,
703 427 815 465 dolor
844 433 886 464 et
914 427 1104 477 quicquid
1141 427 1250 464 aliud
1288 427 1368 463 tale

180 492 310 529 fuerit.
372 491 572 528 Virtutem
611 493 719 528 enim
751 490 810 526 illi
837 503 919 526 non
957 492 1113 539 eripiet,
1142 489 1214 526 sed
1250 502 1371 538 opera

111 553 159 590 32
180 557 264 591 eius
292 553 512 603 inpediet.”
572 552 663 589 Hoc
691 556 801 589 recte
831 551 1046 597 diceretur,
1070 554 1144 587 nisi
1170 550 1371 588 dissimilis

179 621 285 653 esset
306 616 582 665 gubernatoris
606 614 786 651 condicio
807 619 848 651 et
869 616 1068 663 sapientis
1129 613 1237 650 Huic
1263 616 1370 650 enim

179 681 428 728 propositum
444 683 504 714 est
520 681 561 713 in
577 680 657 713 vita
672 676 828 726 agenda
843 689 924 713 non
944 679 1097 726 utique,
1114 675 1222 725 quod
1241 680 1371 725 temp-

178 745 253 786 tat,
284 740 450 784 efficere,
481 739 551 776 sed
588 742 720 775 omnia
757 743 866 775 recte
897 738 1038 775 facere.
1103 737 1372 774 Gubernatori

179 804 426 852 propositum
456 806 516 838 est
546 804 684 850 utique
715 813 858 836 navem
886 803 928 836 in
953 805 1112 849 portum
1138 799 1368 848 perducere.

182 866 300 901 Artes
320 866 523 900 ministrae
544 867 649 907 sunt,
670 867 870 912 praestare
892 862 1058 907 debent,
1079 861 1187 912 quod
1206 865 1370 911 promit-

179 931 283 963 tunt.
333 925 538 974 Sapientia
554 924 714 961 domina
726 927 952 973 rectrixque
969 928 1048 967 est3
1072 928 1177 961 artes
1191 927 1372 961 serviunt

180 992 299 1033 vitae,
321 990 516 1037 sapientia
536 990 717 1036 imperat.

111 1047 159 1083 33
247 1050 333 1099 Ego
349 1049 466 1086 aliter
480 1048 804 1098 respondendum
818 1047 969 1084 iudico:
996 1060 1070 1084 nec
1086 1053 1213 1084 artem
1227 1048 1373 1098 guber-

180 1115 328 1149 natoris
349 1111 589 1149 deteriorem
610 1110 690 1147 ulla
709 1115 953 1160 tempestate
969 1110 1052 1147 fieri
1068 1122 1142 1146 nec
1157 1113 1283 1159 ipsam
1303 1110 1372 1146 ad-

179 1177 513 1211 ministrationem
529 1176 633 1209 artis.
680 1172 935 1209 Gubernator
951 1173 1024 1208 tibi
1040 1185 1121 1208 non
1134 1171 1371 1209 felicitatem

179 1239 373 1285 promisit,
394 1235 464 1272 sed
485 1235 627 1271 utilem
647 1247 807 1283 operam
828 1239 869 1270 et
889 1236 998 1270 navis
1019 1233 1220 1283 regendae
1242 1237 1370 1271 scien-

179 1301 287 1335 tiam.
348 1298 462 1334 Haec
483 1310 530 1333 eo
550 1299 675 1346 magis
698 1301 878 1345 apparet,
899 1308 977 1345 quo
1002 1295 1060 1331 illi
1087 1299 1212 1345 magis
1238 1295 1371 1346 aliqua

180 1360 344 1396 fortuita
359 1362 416 1395 vis
432 1359 600 1395 obstitit.
650 1357 730 1404 Qui
746 1357 820 1394 hoc
836 1360 968 1406 potuit
984 1357 1116 1394 dicere
1133 1357 1371 1407 “Neptune,

179 1434 397 1471 numquam
422 1420 524 1457 hanc
551 1433 694 1457 navem
720 1422 796 1456 nisi
822 1419 1010 1465 rectam‚’'
1034 1422 1108 1456 arti
1135 1422 1230 1456 satis
1250 1420 1370 1464 fecit;

180 1488 398 1533 tempestas
418 1495 499 1519 non
519 1495 616 1532 opus
637 1482 913 1531 gubernatoris
928 1481 1111 1530 impedit,
1127 1481 1198 1518 sed
1217 1494 1371 1518 sucees-

111 1553 160 1588 34
180 1560 277 1583 sum.
337 1550 361 1566 “
375 1544 483 1591 Quid
505 1558 599 1594 ergo
613 1545 627 1580 ?
642 1544 664 1555 ''
681 1546 826 1594 inquit,
843 1547 867 1564 ‘⁶
879 1556 959 1579 non
975 1549 1095 1580 nocet
1111 1544 1371 1593 gubernatori

181 1622 227 1646 ea
247 1621 322 1653 res,
343 1620 443 1657 quae
464 1607 578 1643 illum
598 1611 737 1643 tenere
758 1611 917 1655 portum
937 1610 1062 1651 vetat,
1083 1618 1184 1655 quae
1205 1611 1371 1642 conatus

181 1674 264 1709 eius
285 1673 424 1707 inritos
451 1669 584 1714 efficit,
605 1681 706 1718 quae
733 1672 802 1704 aut
828 1667 951 1705 refert
977 1667 1091 1704 illum
1116 1673 1185 1704 aut
1212 1667 1373 1705 detinet

232 1755 248 1768 ‘²
273 1748 326 1791 Cf.
369 1748 548 1789 Diogenes
596 1746 770 1781 Laertius,
810 1747 842 1777 ii.
894 1747 933 1776 79
979 1749 1048 1777 τοὺς
1092 1748 1155 1776 τῶν
1199 1749 1375 1784 ἐγκυκλίων

180 1794 402 1830 παιδευμάτων
431 1792 662 1830 μετασχόντας,
691 1790 880 1829 φιλοσοφίας
905 1791 937 1819 δὲ
961 1791 1225 1827 ἀπολειφθέντας,
1253 1790 1375 1826 ὁμοίους

179 1839 291 1874 ἔλεγεν
308 1838 385 1866 εἶναι
402 1836 465 1866 τοῖς
481 1836 536 1872 τῆς
555 1835 744 1872 Πηνελόπης
760 1834 966 1872 μνηστῆρσιν.

233 1880 245 1898 ⁶
269 1878 343 1910 The
358 1877 471 1919 figure
487 1877 528 1909 of
546 1876 607 1908 the
630 1875 718 1918 pilot
734 1876 763 1907 is
786 1885 807 1907 a
825 1874 990 1916 frequent
1011 1884 1078 1906 one
1094 1875 1128 1906 in
1145 1874 1371 1916 philosophy,

179 1922 270 1953 from
303 1921 403 1952 Plato
435 1920 549 1952 down.
598 1918 665 1952 See
696 1918 840 1957 Seneca,
875 1917 944 1959 Ep.
980 1918 1048 1949 viii.
1082 1920 1112 1950 4.
1161 1917 1236 1949 The
1275 1928 1373 1950 same

179 1966 379 2039 ffiument,
398 1974 451 2038 ἐς
482 1962 624 2005 applied
654 1965 692 1994 to
724 1961 784 1994 the
815 1962 998 1997 musician,
1031 1962 1061 1992 is
1092 1960 1204 1992 found
1232 1962 1268 1992 in
1300 1960 1369 2003 Ep.

238 2008 320 2038 xvii.
343 2008 382 2038 12
427 2032 434 2039 .

179 2063 256 2096 304-
