1434 2333
391 102 506 139 THE
536 101 788 140 EPISTLES
819 101 890 139 OF
919 101 1129 139 SENECA

167 190 263 227 ordo
284 193 483 240 seriesque
505 192 731 226 contexitur
757 194 799 226 et
824 192 954 226 unitas
974 191 1079 226 vitae
1106 201 1177 238 per
1199 192 1352 224 rectum

167 263 279 298 itura.
342 260 456 296 Ratio
483 272 577 309 ergo
603 260 749 296 arbitra
775 264 836 296 est
862 259 1053 295 bonorum
1073 273 1118 295 ac
1138 259 1354 300 malorum;

168 330 298 367 aliena
318 335 360 366 et
381 334 546 366 externa
566 342 636 378 pro
656 329 798 365 vilibus
819 328 941 365 habet
962 334 1003 365 et
1024 342 1082 374 ea,
1102 342 1202 379 quae
1223 341 1353 378 neque

169 401 273 437 bona
293 406 386 437 sunt
406 413 537 450 neque
553 400 669 445 mala,
685 402 929 436 accessiones
945 402 1126 436 minimas
1142 412 1187 435 ac
1206 399 1354 436 levissi-

170 483 253 507 mas
273 470 433 508 iudicat.
494 470 626 507 Omne
647 473 754 506 enim
774 470 832 506 illi
852 470 1002 505 bonum
1021 472 1061 505 in
1082 471 1214 506 animo
1234 474 1305 505 est.

101 538 149 575 36
238 541 425 577 Ceterum
445 541 547 577 bona
567 540 762 590 quaedam
782 543 907 589 prima
928 542 1141 585 existimat,
1161 539 1211 576 ad
1231 552 1331 589 quae
1345 539 1358 562 1

171 624 220 648 ex
241 613 441 660 proposito
461 613 584 655 venit,
605 615 805 660 tamquam
828 613 1045 655 victoriam,
1060 610 1183 646 bonos
1203 609 1361 654 liberos,

172 682 341 719 salutem
393 684 554 731 patriae.
641 680 848 726 Quaedam
899 680 1085 726 secunda,
1133 693 1233 730 quae
1280 692 1361 716 non

171 757 365 802 apparent
412 754 487 787 nisi
534 753 575 787 in
612 751 729 787 rebus
771 751 957 796 adversis,
995 757 1197 801 tamquam
1235 763 1361 800 aequo

173 825 304 858 animo
342 825 425 871 pati
459 822 638 858 morbum
671 834 874 870 magnum,
909 822 1082 858 exilium.
1155 820 1362 866 Quaedam

174 892 318 937 media,
347 905 448 941 quae
482 891 608 927 nihilo
641 894 767 940 magis
801 891 1020 928 secundum
1054 895 1236 927 naturam
1269 894 1364 927 sunt

175 976 293 1012 quam
314 967 450 998 contra
470 966 665 1007 naturam,
686 966 886 1011 tamquam
913 961 1131 1010 prudenter
1151 961 1365 1006 ambulare,

176 1035 380 1081 conposite
428 1032 578 1069 sedere.
670 1032 761 1068 Non
813 1035 917 1068 enim
970 1035 1100 1068 minus
1148 1031 1364 1068 secundum

107 1105 153 1141 37
176 1109 357 1140 naturam
374 1108 433 1139 est
448 1102 585 1139 sedere
602 1115 719 1151 quam
736 1107 839 1139 stare
852 1107 921 1138 aut
936 1102 1148 1139 ambulare.
1196 1102 1286 1139 Duo
1301 1102 1368 1138 illa

176 1174 280 1210 bona
304 1176 503 1222 superiora
523 1172 676 1209 diversa
702 1177 804 1209 sunt.
866 1172 994 1208 Prima
1021 1175 1125 1209 enim
1148 1172 1366 1209 secundum

178 1249 360 1280 naturam
399 1247 514 1279 sunt:
554 1242 727 1292 gaudere
766 1243 979 1279 liberorum
1019 1246 1183 1292 pietate,
1217 1246 1368 1292 patriae

178 1313 463 1350 incolumitate.
524 1312 706 1349 Secunda
726 1318 862 1349 eontra
878 1319 1059 1349 naturam
1076 1318 1190 1350 sunt:
1212 1313 1369 1350 fortiter

180 1389 336 1433 opstare
375 1385 585 1419 tormentis
624 1388 665 1419 et
709 1385 815 1418 sitim
857 1386 1013 1432 perpeti
1051 1384 1187 1420 morbo
1225 1389 1368 1420 urente

112 1458 159 1493 38
182 1452 418 1503 praecordia.
480 1452 625 1498 “Quid
652 1453 777 1501 ergo?
834 1453 999 1503 Aliquid
1026 1459 1163 1491 contra
1186 1459 1366 1491 naturam

181 1525 330 1560 bonum
368 1528 429 1559 est
446 1524 460 1558 ?
477 1523 497 1534 ''
549 1525 739 1566 minime;
787 1524 857 1560 sed
902 1524 942 1560 id
983 1524 1194 1574 aliquando
1233 1530 1371 1561 eontra

181 1599 363 1630 naturam
387 1598 460 1638 est,
481 1596 521 1629 in
549 1606 626 1642 quo
655 1593 804 1630 bonum
830 1593 929 1630 illud
957 1597 1102 1631 existit.
1162 1595 1371 1631 Vulnerari

182 1668 289 1702 enim
311 1670 352 1701 et
373 1664 551 1701 subiecto
567 1667 660 1713 igne
676 1665 881 1701 tabescere
902 1670 943 1702 et
963 1665 1125 1702 adversa
1140 1666 1369 1703 valetudine

182 1735 315 1786 adfligi
353 1740 490 1772 contra
527 1740 708 1771 naturam
747 1740 821 1780 est,
855 1735 925 1772 sed
963 1739 1068 1772 inter
1104 1740 1179 1773 ista
1217 1749 1371 1774 servare

113 1808 162 1844 39
182 1810 358 1843 animum
387 1805 677 1854 infatigabilem
711 1805 928 1842 secundum
961 1812 1143 1843 naturam
1177 1812 1248 1844 est.
1319 1807 1373 1844 Et

184 1883 227 1913 ut
276 1876 381 1926 quod
434 1875 522 1912 volo
570 1878 787 1924 exprimam
834 1876 1020 1922 breviter,
1067 1880 1233 1914 materia
1277 1878 1371 1914 boni

183 1947 396 1997 aliquando
443 1951 580 1982 eontra
625 1950 806 1982 naturam
844 1952 918 1992 est,
957 1948 1104 1984 bonum
1142 1961 1371 1998 numquam,

486 2014 496 2032 ¹
520 2015 567 2047 ad
582 2026 666 2057 quae
682 2014 828 2051 Hense;
852 2019 953 2058 atque
970 2015 1072 2049 MSS.

187 2074 237 2105 24
