1434 2333
387 114 502 151 THE
532 112 787 150 EPISTLES
818 112 889 149 OF
918 111 1128 149 SENECA

160 202 496 253 quemadmodum
518 202 655 238 umbra
674 200 887 250 aliquando
907 199 1125 244 antecedit,
1140 198 1352 248 aliquando

160 273 339 320 sequitur
359 269 422 306 vel
442 283 464 305 a
483 274 598 318 tergo
619 273 693 314 est,
714 271 769 304 ita
789 268 913 317 gloria
932 266 1145 316 aliquando
1165 271 1258 303 ante
1281 279 1353 302 nos

161 343 222 375 est
242 336 526 386 visendamque
556 349 597 372 se
624 336 804 385 praebet,
825 334 1037 385 aliquando
1063 337 1104 370 in
1130 346 1266 370 averso
1292 338 1354 370 est

94 411 142 447 14
161 409 363 455 maiorque
390 417 469 454 quo
496 406 629 449 serior,
650 403 718 439 ubi
746 402 895 439 invidia
920 404 1092 439 secessit.
1152 400 1352 447 Quamdiu

161 473 371 510 videbatur
390 472 521 508 furere
548 470 822 508 Democritus!
882 470 957 505 Vix
984 472 1136 518 recepit
1162 467 1353 505 Socraten

161 541 276 577 fama.
329 539 529 585 Quamdiu
548 539 741 575 Catonem
762 540 898 574 civitas
919 537 1137 587 ignoravit!
1188 536 1356 585 Respuit

161 622 236 646 nec
256 608 471 653 intellexit,
486 610 560 643 nisi
577 620 666 643 cum
687 606 873 656 perdidit.
926 605 1050 642 Rutili
1065 607 1295 642 innocentia
1311 618 1354 641 ac

162 679 285 713 virtus
305 675 464 720 lateret,
484 677 559 711 nisi
579 677 799 723 accepisset
824 675 1005 709 iniuriam
1021 685 1030 716 ;
1058 672 1155 709 dum
1174 672 1356 718 violatur,

163 743 320 781 effulsit.
395 741 600 791 Numquid
633 754 715 777 non
749 743 843 777 sorti
883 753 976 777 suae
1014 743 1160 789 gratias
1195 742 1280 789 egit
1313 744 1355 776 et

163 811 326 848 exilium
356 823 470 846 suum
499 809 729 858 complexus
758 809 847 845 est?
904 807 967 845 De
996 808 1057 844 his
1085 808 1237 857 loquor,
1258 821 1356 858 quos

162 878 388 915 inlustravit
409 877 580 922 fortuna,
601 876 696 913 dum
717 881 857 919 vexat3
887 889 1005 925 quam
1025 875 1241 912 multorum
1268 888 1356 925 pro-

162 946 293 983 fectus
313 948 354 982 in
375 947 559 982 notitiam
580 956 739 981 evasere
760 948 850 992 post
870 943 995 992 ipsos!
1055 942 1186 988 Quam
1209 943 1356 980 multos

97 1014 144 1052 15
164 1014 268 1050 fama
283 1026 364 1049 non
385 1015 558 1062 excepit,
573 1011 644 1049 sed
661 1013 763 1048 eruit
780 1011 786 1046 l
841 1010 963 1047 Vides
981 1010 1196 1060 Epicurum
1213 1016 1356 1060 quant-

163 1094 284 1131 opere
313 1094 393 1117 non
419 1084 579 1117 tantum
603 1078 851 1124 eruditiores,
872 1078 943 1115 sed
972 1078 1070 1115 haec
1100 1091 1257 1128 quoque
1284 1081 1355 1114 im-

164 1152 382 1199 peritorum
404 1148 519 1184 turba
539 1150 714 1183 miretur.
777 1147 856 1183 Hic
876 1149 1037 1195 ignotus
1063 1149 1157 1195 ipsis
1185 1145 1356 1183 Athenis

164 1217 254 1262 fuit,
275 1219 376 1252 circa
402 1228 498 1265 quas
525 1214 750 1251 delituerat.
812 1213 951 1250 Multis
978 1216 1113 1263 itaque
1140 1216 1217 1249 iam
1243 1217 1356 1250 annis

166 1283 396 1321 Metrodoro
430 1295 499 1318 suo
534 1286 734 1331 superstes
768 1283 809 1317 in
843 1280 1013 1330 quadam
1048 1281 1231 1330 epistula,
1266 1294 1355 1317 cum

165 1353 380 1387 amicitiam
401 1363 510 1386 suam
532 1354 573 1386 et
595 1348 814 1385 Metrodori
841 1353 953 1396 grata
980 1351 1355 1385 commemoratione

166 1421 389 1463 cecinisset,
409 1417 484 1453 hoc
506 1419 716 1453 novissime
736 1415 896 1460 adiecit,
916 1415 1017 1451 nihil
1038 1416 1111 1451 sibi
1138 1420 1179 1452 et
1207 1415 1356 1453 Metro-

166 1487 261 1524 doro
281 1489 387 1523 inter
406 1486 508 1521 bona
530 1489 642 1521 tanta
662 1486 855 1529 nocuisse,
875 1483 982 1533 quod
1002 1486 1106 1532 ipsos
1126 1483 1193 1519 illa
1213 1483 1356 1521 nobilis

167 1554 334 1591 Graecia
372 1566 450 1589 non
490 1555 648 1601 ignotos
693 1551 818 1587 solum
863 1550 1080 1595 habuisset,
1119 1550 1190 1587 sed
1228 1563 1355 1599 paene

100 1625 147 1662 16
166 1621 375 1658 inauditos.
454 1618 658 1669 Numquid
697 1632 791 1668 ergo
829 1631 909 1654 non
943 1622 1080 1667 postea
1118 1631 1235 1667 quam
1271 1630 1355 1654 esse

166 1689 354 1734 desierat,
387 1691 573 1725 inventus
608 1687 696 1723 est?
754 1685 958 1735 Numquid
991 1698 1071 1721 non
1106 1688 1239 1734 opinio
1273 1688 1356 1722 eius

166 1757 341 1794 enituit?
390 1756 480 1791 Hoc
498 1754 749 1791 Metrodorus
765 1766 922 1802 quoque
943 1755 983 1788 in
999 1752 1168 1802 quadam
1186 1753 1356 1801 epistula

220 1857 234 1871 α
258 1850 371 1882 There
402 1851 430 1881 is
462 1860 506 1881 an
538 1847 855 1880 unauthenticated
886 1850 984 1889 story
1014 1847 1094 1879 that
1123 1846 1184 1878 the
1212 1857 1292 1878 men
1320 1848 1360 1879 of

168 1893 313 1926 Abdera
328 1892 440 1925 called
457 1894 491 1924 in
510 1892 747 1933 Hippocrates
760 1893 797 1922 to
813 1893 905 1922 treat
922 1891 975 1922 his
992 1890 1144 1931 malady.

222 1938 234 1957 ²³
259 1937 312 1978 Cf.
330 1936 398 1978 Ep.
414 1937 503 1967 xxiv.
524 1938 543 1966 4
560 1935 695 1967 erilium
719 1961 724 1967 .
752 1960 758 1966 .
785 1959 791 1966 .
816 1934 896 1966 tulit
912 1934 1067 1966 Rutilius
1083 1934 1181 1966 etiam
1201 1933 1351 1967 libenter.

221 1986 233 2000 ⁰
256 1979 284 2012 F
287 1990 360 2021 rag.
382 1982 442 2010 188
460 1978 609 2011 Usener.

221 2024 237 2043 ἅ
261 2022 364 2064 Frag.
385 2024 426 2054 43
444 2021 563 2054 Korte.

171 2080 246 2112 208
