1434 2333
111 584 128 620 1

114 1177 135 1212 [0

117 1531 139 1568 3

371 91 488 127 THE
516 89 772 127 EPISTLES
803 88 874 126 OF
904 88 1115 125 SENECA

148 179 285 229 lingua
314 192 394 214 non
423 183 593 223 constat,
623 177 719 227 quid
750 182 824 222 est,
845 190 965 226 quare
994 176 1106 212 illum
1136 178 1338 212 existimes

148 236 190 269 in
211 237 323 281 parte
345 232 517 268 sobrium
539 244 637 277 esse,
657 234 698 267 in
718 236 831 280 parte
853 230 1033 267 ebrium?
1089 229 1208 266 VALE.

637 396 858 434 LXXXIV.

417 501 572 538 SENECA
602 501 762 538 LVCILlo
792 514 857 537 svo
888 513 1059 537 SALVTEM

220 590 370 626 Itinera
403 592 491 635 ista,
526 603 627 640 quae
662 591 875 639 segnitiam
908 588 1005 624 mihi
1044 590 1267 632 excutiunt,
1301 592 1344 623 et

152 649 362 686 valitudini
391 662 504 685 meae
538 648 725 698 prodesse
758 648 890 685 iudico
924 652 965 684 et
999 647 1150 684 studiis.
1209 645 1343 692 Quare

152 708 414 744 valitudinem
447 707 651 753 adiuvent,
686 707 818 744 vides:
862 720 952 743 cum
985 709 1141 756 pigrum
1175 705 1265 741 me1
1302 709 1345 741 et

153 767 441 816 neglegentem
469 770 640 816 corporis
666 766 890 803 litterarum
919 778 1028 802 amor
1056 765 1188 809 faciat,
1214 764 1343 800 aliena

153 839 272 875 opera
306 838 516 869 exerceor;
559 825 691 862 studio
725 838 845 875 quare
880 827 1045 874 prosint,
1079 824 1285 860 indicabo:
1323 836 1345 858 a

153 885 391 922 lectionibus
418 884 514 920 nihil
531 884 545 907 ‘-²
566 887 720 921 recessi.
780 883 883 920 Sunt
907 888 1055 928 autem,
1078 888 1121 920 ut
1148 885 1345 927 existimo,

154 946 413 989 necessariae,
451 946 622 993 primum
661 957 712 980 ne
758 946 831 979 sim
875 956 938 979 me
984 955 1062 979 uno
1107 946 1346 985 contentus3

154 1003 301 1040 deinde
322 1008 380 1047 ut,
401 1016 490 1039 cum
511 1003 560 1039 ab
580 1003 665 1039 aliis
682 1005 860 1052 quaesita
876 1015 1111 1051 cognovero,
1127 1006 1213 1037 tum
1234 1005 1275 1037 et
1296 1000 1346 1038 de

154 1065 327 1099 inventis
361 1062 532 1099 iudicem
567 1067 608 1098 et
643 1064 818 1111 cogitem
848 1061 898 1098 de
930 1060 1190 1097 inveniendis.
1261 1060 1347 1097 Alit

155 1122 275 1158 lectio
296 1124 503 1171 ingenium
525 1125 566 1157 et
587 1121 719 1158 studio
745 1120 972 1170 fatigatum,
993 1133 1074 1156 non
1101 1122 1186 1156 sine
1213 1119 1346 1156 studio

157 1186 305 1225 tamen,
339 1180 475 1217 reficit.
549 1180 634 1216 Nec
668 1180 839 1216 scribere
879 1184 1037 1215 tantum
1075 1191 1150 1216 nec
1188 1183 1347 1215 tantum

157 1240 292 1289 legere
330 1239 547 1282 debemus;
594 1239 719 1275 altera
756 1251 817 1275 res
863 1238 1114 1274 contristabit
1158 1240 1259 1274 vires
1305 1243 1347 1274 et

158 1299 378 1343 exhauriet,
418 1298 467 1334 de
507 1298 598 1334 stilo
637 1298 739 1342 dico,
777 1297 903 1334 altera
947 1297 1073 1333 solvet
1116 1309 1161 1332 ac
1206 1296 1344 1333 diluet.

159 1358 336 1394 Invicem
369 1357 444 1393 hoc
479 1362 521 1393 et
554 1357 622 1393 illo
661 1356 965 1393 commeandum
999 1360 1060 1393 est
1098 1360 1140 1392 et
1177 1355 1347 1392 alterum

157 1417 283 1453 altero
309 1416 629 1465 temperandum,
651 1421 695 1452 ut
722 1415 907 1465 quicquid
936 1415 1109 1452 lectione
1137 1414 1348 1451 collectum

159 1480 233 1521 est,
255 1475 367 1512 stilus
388 1475 544 1524 redigat
564 1478 605 1511 in
626 1488 775 1524 corpus.

227 1535 349 1584 Apes,
370 1539 415 1570 ut
434 1537 560 1579 aiunt,
581 1534 773 1570 debemus
794 1536 951 1578 imitari,
972 1545 1073 1582 quae
1094 1537 1289 1581 vagantur
1308 1536 1350 1568 et

159 1594 272 1630 flores
309 1593 360 1630 ad
397 1593 474 1630 ine]
516 1593 743 1630 faciendum
781 1592 944 1629 idoneos
983 1596 1164 1641 carpunt,
1202 1590 1349 1628 deinde

159 1652 348 1702 quicquid
369 1653 556 1698 attulere,
572 1653 791 1701 disponunt
810 1664 855 1688 ac
875 1664 946 1700 per
961 1650 1068 1687 favos
1084 1650 1274 1700 digerunt
1295 1654 1349 1695 et,

159 1717 204 1748 ut
225 1712 423 1761 Vergilius
443 1716 579 1748 noster
597 1715 666 1756 ait,

471 1789 481 1808 ¹
506 1800 556 1821 me
573 1789 661 1820 later
678 1787 781 1821 MSS.
799 1801 807 1825 ;
831 1787 904 1820 riae
921 1787 1017 1820 VPb.

298 1832 311 1851 ²
334 1832 421 1864 nihil
436 1832 553 1864 added
570 1832 618 1874 by
637 1831 842 1867 Buecheler,
861 1830 1011 1863 omitted
1027 1830 1075 1871 by
1092 1829 1190 1862 VPb.

215 1917 287 1950 αΑ
300 1918 543 1950 considerable
557 1921 636 1959 part
652 1917 692 1949 of
706 1917 776 1949 this
789 1916 913 1948 letter
906 1926 934 1947 1s
951 1915 1087 1947 found·
1080 1926 1114 1946 in
1132 1915 1193 1947 the
1209 1914 1350 1956 preface

160 1964 197 1992 to
221 1961 282 1992 the
307 1961 511 1993 Saturnalia
536 1961 576 1993 of
598 1960 812 1997 Macrobius,
837 1959 987 1991 without
1009 1969 1081 2001 any
1104 1956 1352 1999 acknowledg-

162 2007 260 2035 ment
277 2004 317 2036 of
328 2004 594 2037 indebtedness.

164 2054 241 2095 276

1432 24 1434 51 1

1432 55 1434 77 ⁴

1432 105 1434 158 ἐ
