1434 2333
401 113 517 149 THE
546 112 802 150 EPISTLES
833 112 906 149 OF
933 111 1143 149 SENECA

174 201 354 238 videmur
383 203 587 250 inopinata
615 201 797 237 omnibus
826 200 972 246 dicere,
1001 199 1192 249 παράδοξα
1221 200 1364 237 Graeci

175 276 329 316 vocant,
359 276 400 308 et
428 274 507 307 ait:
540 276 694 308 “nemo
725 284 819 320 ergo
853 274 928 308 scit
957 276 1114 320 praeter
1142 273 1363 320 sapientem

173 340 320 378 referre
340 342 537 391 gratiam?
594 341 699 391 Ergo
719 355 793 378 nec
814 341 921 392 quod
935 341 1071 387 debet,
1088 341 1273 378 creditori
1294 354 1363 377 suo

172 424 366 460 reponere
387 414 594 462 quisquam
615 415 690 449 scit
715 412 815 448 alius
843 425 931 457 nec,
952 425 1041 448 cum
1068 414 1166 448 emit
1191 411 1362 461 aliquam

172 494 269 527 rem,
290 485 463 531 pretium
492 482 690 519 venditori
720 481 1006 531 persolvere?’‘
1066 482 1128 518 Ne
1155 482 1268 518 nobis
1297 482 1363 518 fiat

172 551 333 597 invidia,
366 555 466 588 scito
499 552 606 589 idem
640 552 772 588 dicere
812 552 1038 602 Epicurum.
1110 552 1364 589 Metrodorus

173 627 282 659 certe
319 625 376 659 ait
421 623 547 659 solum
593 625 815 672 sapientem
858 622 1005 660 referre
1047 626 1213 671 gratiam
1253 627 1362 661 scire.

106 687 153 724 12
175 693 333 730 Deinde
354 692 461 730 idem
481 693 707 738 admiratur,
726 707 815 730 cum
832 693 1021 730 dicimus:
1052 697 1076 713 “
1089 693 1192 730 solus
1209 697 1364 743 sapiens

172 765 247 799 scit
279 776 421 799 amare.
480 762 594 799 Solus
629 766 785 812 sapiens
823 767 970 801 amicus
1005 764 1103 802 est.”
1163 766 1288 815 Atqui
1323 771 1365 803 et

173 836 314 870 amoris
343 838 385 870 et
413 835 611 869 amicitiae
640 847 729 882 pars
763 839 824 870 est
854 835 1001 871 referre
1033 839 1213 884 gratiam,
1243 839 1364 872 immo

173 902 247 939 hoc
274 906 398 952 magis
428 903 590 952 vulgare
617 908 679 940 est
706 909 748 940 et
774 907 815 940 in
835 904 968 953 plures
996 906 1102 942 cadit
1127 919 1246 955 quam
1273 919 1364 943 vera

171 979 355 1013 amicitia.
433 975 593 1012 Deinde
634 976 740 1012 idem
784 976 1014 1021 admiratur,
1054 977 1159 1026 quod
1197 977 1364 1014 dicimus

172 1046 291 1083 fidem
311 1049 386 1083 nisi
416 1049 456 1082 in
486 1049 667 1095 sapiente
698 1060 778 1083 non
808 1060 908 1092 esse,
937 1052 1139 1097 tamquam
1171 1061 1250 1084 non
1280 1051 1364 1097 ipse

172 1116 279 1153 idem
295 1116 411 1153 dicat.
471 1117 536 1152 An
552 1117 625 1153 tibi
642 1117 798 1154 videtur
814 1117 933 1153 fidem
955 1116 1114 1161 habere,
1130 1119 1196 1165 qui
1217 1116 1363 1153 referre

104 1188 151 1224 13
171 1190 340 1237 gratiam
366 1188 523 1224 nescit?
582 1188 779 1224 Desinant
799 1190 934 1237 itaque
961 1187 1151 1223 infamare
1172 1200 1242 1223 nos
1264 1191 1363 1222 tam-

171 1271 290 1308 quam
310 1257 558 1294 incredibilia
584 1260 779 1295 iactantes
806 1263 847 1294 et
868 1261 995 1294 sciant
1015 1257 1121 1307 apud
1141 1260 1363 1306 sapientem

172 1341 257 1365 esse
295 1331 379 1377 ipsa
417 1328 598 1373 honesta,
635 1328 741 1376 apud
779 1328 943 1377 vulgum
986 1328 1192 1364 simulacra
1232 1341 1363 1364 rerum

172 1399 429 1436 honestarum
463 1403 505 1435 et
539 1398 697 1447 effigies.
758 1398 887 1435 Nemo
915 1398 1063 1435 referre
1093 1401 1260 1447 gratiam
1290 1401 1364 1435 scit

172 1473 247 1507 nisi
292 1472 458 1519 sapiens.
536 1468 692 1505 Stultus
737 1481 909 1519 quoque,
947 1474 1164 1518 utcumque
1210 1471 1284 1505 scit
1322 1473 1363 1505 et

171 1538 508 1590 quemadmodum
547 1543 693 1587 potest,
728 1539 898 1583 referat;
937 1542 1103 1576 scientia
1136 1539 1194 1575 illi
1231 1542 1363 1588 potius

171 1623 289 1660 quam
309 1609 492 1646 voluntas
513 1608 627 1646 desit.
688 1609 801 1646 Velle
822 1623 903 1645 non
924 1609 1098 1646 discitur.

103 1680 151 1717 14
238 1679 403 1729 Sapiens
437 1681 542 1715 inter
575 1691 616 1715 se
651 1682 781 1715 omnia
820 1680 1063 1729 conparabit,
1097 1682 1221 1715 maius
1255 1681 1362 1716 enirn

170 1756 240 1787 aut
258 1752 388 1786 minus
409 1749 466 1794 fit,
486 1751 663 1798 quamvis
686 1749 793 1785 idem
814 1752 877 1794 sit,
899 1754 1092 1798 tempore,
1113 1749 1212 1794 loco,
1233 1762 1359 1786 causa.

170 1820 297 1870 Saepe
336 1822 442 1856 enim
482 1818 556 1854 hoc
594 1832 675 1854 non
712 1824 878 1867 potuere
920 1819 1081 1856 divitiae
1120 1822 1161 1855 in
1199 1819 1360 1855 domum

222 1904 237 1917 α
261 1908 340 1939 ay„
361 1901 383 1914 ‘⁶
396 1895 492 1937 Only
507 1895 569 1927 the
586 1897 669 1927 wise
686 1907 768 1927 man
793 1897 821 1928 is
842 1896 965 1938 king,’'
984 1896 1119 1928 “there
1142 1898 1171 1929 is
1191 1907 1236 1928 no
1257 1907 1360 1928 mean

169 1941 329 1973 between
347 1941 460 1971 virtue
477 1938 548 1970 and
569 1938 682 1976 vice‚''
699 1944 722 1957 ‘⁶
734 1940 816 1980 pain
834 1940 862 1971 is
879 1950 924 1971 no
941 1939 1046 1976 evil,”
1064 1945 1087 1958 ‘⁸
1099 1939 1184 1982 only
1199 1939 1260 1972 the
1276 1941 1360 1972 wise

169 1994 251 2015 man
268 1985 297 2015 is
314 1982 425 2018 free,''
443 1987 465 2000 ‘⁶
479 1981 593 2014 riches
610 1992 669 2014 are
686 1985 748 2014 not
763 1993 784 2014 a
799 1982 894 2024 good
913 1983 931 1995 ’'
946 1985 1013 2016 etc.

223 2028 236 2047 ⁶
261 2026 363 2068 Frag.
383 2028 425 2057 54
442 2024 562 2057 Korte.

171 2077 248 2115 226
