1434 2333
383 121 499 158 THE
529 120 781 158 EPISTLES
812 120 882 157 OF
911 120 1120 157 SENECA

163 209 211 245 In
240 208 313 246 hac
342 212 513 258 positum
546 213 607 245 est
636 221 833 245 summum
862 208 960 245 illud
989 207 1157 245 hominis
1185 208 1344 245 bonum.

162 271 391 320 Antequam
421 270 646 319 impleatur,
677 273 830 307 incerta
857 273 1004 307 mentis
1037 270 1228 307 volutatio
1262 275 1347 312 est;

161 346 251 369 cum
280 345 373 369 vero
402 331 626 381 perfectum
656 336 730 377 est,
757 335 908 378 inmota
935 332 1029 368 illal
1051 332 1244 369 stabilitas
1273 337 1344 369 est.

93 395 140 430 28
164 394 304 443 Itaque
334 393 543 430 inchoatus
573 398 615 429 et
644 393 694 430 ad
723 407 875 429 summa
903 393 1120 442 procedens
1141 393 1346 442 cultorque

162 458 331 500 virtutis,
353 458 473 492 etiam
498 458 529 491 si
553 455 844 504 adpropinquat
871 455 1050 504 perfecto
1076 456 1193 501 bono,
1215 455 1284 492 sed
1311 457 1348 491 ei

162 517 339 553 nondum
382 530 575 553 summam
617 529 779 552 manum
820 520 1007 565 inposuit,
1045 517 1146 553 ibit2
1187 519 1348 553 interim

161 582 303 616 cessim
341 584 382 616 et
424 582 607 615 remittet
648 578 798 628 aliquid
842 591 889 615 ex
927 581 1152 615 intentione
1190 581 1346 614 mentis.

164 641 351 678 Nondum
386 644 492 678 enim
526 644 677 677 incerta
711 646 978 690 transgressus
1012 646 1085 686 est,
1120 643 1348 677 etiamnunc

162 708 339 740 versatur
364 706 405 739 in
428 703 590 739 lubrico.
651 702 797 738 Beatus
824 715 916 739 vero
941 708 982 739 et
1005 705 1162 739 virtutis
1186 706 1348 738 exactae

162 770 258 801 tunc
288 778 329 801 se
359 768 529 801 maxime
557 769 677 810 amat,
698 777 788 800 cum
814 764 1026 800 fortissime
1057 769 1244 813 expertus
1274 767 1348 808 est,

162 833 204 864 et
230 827 449 864 metuenda
472 829 630 870 ceteris,
651 829 682 862 si
707 826 871 862 alicuius
900 826 1058 862 honesti
1082 827 1196 862 officii
1221 828 1350 875 pretia

162 894 268 934 sunt,
303 903 381 925 non
420 893 578 924 tantum
617 888 708 933 fert,
748 888 818 924 sed
856 888 1106 936 amplexatur
1142 888 1348 937 multoque

162 951 298 988 audire
320 951 471 987 mavult
492 956 513 971 ‘⁴
530 955 642 986 tanto
662 950 802 986 melior
816 950 835 962 ''
854 963 972 999 quam
990 954 1013 970 “
1026 955 1139 986 tanto
1159 949 1347 987 felicior.''

94 1019 141 1054 29
230 1014 358 1050 Venio
390 1026 496 1049 nunc
530 1012 611 1057 1110,
645 1025 723 1061 quo
755 1025 819 1047 me
854 1017 967 1048 vocat
1005 1015 1231 1061 expectatio
1268 1017 1347 1049 tua.

164 1076 225 1113 Ne
242 1081 352 1112 extra
373 1088 503 1112 rerum
520 1079 701 1110 naturam
718 1076 849 1123 vagari
865 1077 988 1110 virtus
1008 1079 1141 1110 nostra
1156 1074 1350 1119 videatur,

163 1143 205 1175 et
236 1137 411 1174 tremet3
446 1139 602 1186 sapiens
637 1140 678 1172 et
712 1136 866 1172 dolebit
897 1142 937 1173 et
973 1137 1227 1185 expallescet.
1293 1136 1349 1172 Hi

163 1203 269 1236 enim
286 1212 423 1236 omnes
440 1201 610 1247 corporis
624 1210 761 1234 sensus
778 1203 879 1234 sunt.
931 1198 1006 1234 Ubi
1024 1212 1118 1248 ergo
1135 1199 1349 1244 calamitas,

164 1264 230 1299 ubi
264 1262 363 1298 illud
397 1261 545 1296 malum
581 1273 716 1296 verum
751 1262 839 1296 est?
897 1260 984 1296 Illic
1019 1260 1183 1306 scilicet,
1213 1264 1243 1297 si
1275 1264 1350 1298 ista

162 1328 337 1361 animum
376 1323 607 1367 detrahunt,
646 1325 676 1358 si
724 1322 773 1358 ad
822 1321 1109 1359 confessionem
1149 1326 1350 1360 servitutis

94 1389 143 1425 30
163 1387 381 1430 adducunt,
411 1388 442 1420 si
471 1384 528 1420 illi
558 1386 847 1432 paenitentiam
876 1387 934 1420 sui
964 1384 1124 1421 faciunt.
1185 1385 1349 1434 Sapiens

163 1448 325 1499 quidem
364 1448 485 1482 vincit
520 1448 667 1481 virtute
707 1445 919 1490 fortunam,
953 1451 994 1482 at
1030 1447 1147 1483 multi
1186 1447 1349 1496 professi

163 1511 398 1559 sapientiam
436 1507 642 1543 levissimis
680 1519 975 1556 nonnumquam
1017 1511 1132 1544 minis
1171 1512 1350 1545 exterriti

164 1576 266 1608 sunt.
342 1569 430 1605 Hoc
464 1568 550 1604 loco
583 1573 762 1604 nostrum
796 1571 936 1604 vitium
975 1574 1048 1614 est,
1083 1573 1149 1619 qui
1184 1570 1290 1607 idem
1328 1585 1350 1606 a

164 1636 344 1683 sapiente
373 1633 567 1680 exigimus
597 1635 638 1666 et
667 1644 689 1666 a
722 1630 963 1679 proficiente.
1036 1631 1191 1668 Suadeo
1220 1633 1349 1669 adhuc

217 1703 227 1722 ¹
255 1700 447 1734 Buecheler
463 1698 596 1741 prefers
615 1698 676 1730 illi.
851 1698 864 1717 2
886 1699 945 1731 ibit
962 1698 1116 1737 Gruter;
1140 1701 1186 1733 ibi
1202 1701 1301 1733 VPb.

216 1746 228 1765 3
252 1748 369 1778 tremet
399 1743 460 1775 the
490 1752 653 1774 common
686 1741 852 1783 reading;
893 1742 1043 1774 tremebit
1074 1743 1186 1781 VPb;
1226 1744 1349 1777 Hense

164 1790 329 1831 suggests
347 1789 525 1818 tremescat.

215 1864 231 1877 α
254 1857 324 1891 =i.e.‚
342 1855 494 1886 because
510 1852 554 1884 he
572 1852 635 1884 has
652 1851 809 1884 endured
830 1852 900 1884 and
919 1854 1119 1896 conquered
1140 1856 1348 1888 misfortune

163 1900 281 1932 rather
296 1898 383 1930 than
400 1895 552 1938 escaped
568 1897 606 1927 it.

215 1944 227 1963 ’³
253 1942 320 1974 For
336 1952 356 1972 a
373 1939 503 1972 similar
518 1937 672 1979 thought
689 1938 730 1980 cs.
750 1938 819 1980 Ep.
839 1940 883 1971 xi.
905 1942 934 1970 6.

216 1992 227 2005 υ
251 1985 364 2016 Three
395 1986 514 2023 stages
546 1981 586 2013 of
611 1991 773 2022 progress
801 1982 976 2021 (προκοπή)
1008 1994 1097 2016 were
1129 1985 1269 2017 defined
1300 1986 1347 2028 by

162 2028 392 2069 Chrysippus,
443 2025 496 2067 Cf.
516 2024 590 2056 also
607 2024 687 2056 Seu.
712 2024 799 2066 ΕΜ).
822 2024 912 2056 lxxii.
934 2028 952 2055 6
969 2026 1039 2058 and
1057 2027 1145 2060 lxxv.
1163 2031 1182 2059 8
1199 2028 1222 2061 f.

164 2086 214 2124 90
