1434 2333
356 91 473 129 THE
503 89 758 128 EPISTLES
790 90 862 127 OF
891 89 1102 127 SENECA

132 181 242 218 nulla
276 179 499 216 sollicitudo
533 181 574 215 in
607 178 690 215 alto
724 183 810 222 est3
853 180 974 215 etiam
1009 180 1039 214 si
1072 190 1150 227 qua
1182 175 1324 213 incidit

133 257 237 289 cura,
262 243 372 279 velut
400 242 528 279 nubes
557 241 654 278 levis
683 243 835 278 transit.
898 240 1066 285 Horum,
1093 241 1160 289 qui
1190 238 1325 275 felices

134 310 337 351 vocantur,
367 304 543 340 hilaritas
572 304 663 340 ficta
692 308 753 340 est
781 302 848 339 atl
878 305 1007 352 gravis
1037 306 1079 338 et
1113 301 1327 350 subpurata

134 370 309 413 tristitia,
331 379 377 404 eo
402 366 564 417 quidem
590 368 757 415 gravior,
778 367 870 415 quia
895 364 1098 401 interdum
1124 376 1204 400 non
1230 362 1327 398 licet

135 429 267 479 palam
301 442 386 466 esse
420 432 595 474 miseros,
625 427 696 465 sed
724 430 830 464 inter
858 439 1066 463 aerumnas
1100 439 1166 462 cor
1198 428 1328 475 ipsum

95 492 116 530 7
137 492 357 529 exedentes
391 504 553 528 necesse
589 495 651 527 est
684 502 802 539 agere
831 489 1001 526 felicem.
1061 488 1225 537 Saepius
1255 486 1330 523 hoc

137 555 322 604 exemplo
348 553 444 590 mihi
472 553 668 590 utendum
695 557 770 598 est,
790 565 864 589 nec
891 554 998 589 enim
1026 551 1108 587 ullo
1138 550 1330 587 efficacius

138 619 373 667 exprimitur
389 616 452 652 hic
469 615 664 652 humanae
681 618 785 651 vitae
802 617 957 660 mimus,
974 616 1041 664 qui
1058 613 1170 649 nobis
1186 616 1332 662 parteS,

138 692 235 729 quas
254 678 357 715 male
374 691 550 727 agamus,
565 677 759 727 adsignat.
820 676 907 722 Ille,
924 678 991 726 qui
1010 678 1051 712 in
1068 688 1210 712 scaena
1228 674 1333 710 latus

138 741 291 779 incedit
313 745 354 778 et
375 740 473 777 haec
493 742 702 789 resupinus
723 739 821 776 dicit

313 843 367 876 En
385 844 519 885 impero
536 842 642 884 Argis
656 856 665 880 ς
689 853 799 884 regna
815 841 900 874 mihi
916 841 1019 883 liquit
1036 840 1175 883 Pelops,

313 894 394 937 Qua
410 897 520 937 ponto
535 894 581 926 ab
599 894 721 927 Helles
738 897 846 936 atque
862 893 907 926 ab
925 893 1024 925 Ionio
1040 894 1128 924 mari

314 946 473 989 Urgetur
491 945 660 983 Isthmos,

143 1056 277 1081 servus
311 1048 386 1088 est,
415 1045 592 1092 quinque
621 1040 773 1077 modios
807 1042 952 1089 accipit
987 1044 1027 1076 et
1057 1041 1233 1089 quinque
1267 1037 1336 1074 de-

102 1108 124 1144 8
143 1109 296 1149 narios;
334 1105 402 1142 ille
431 1107 499 1154 qui
529 1103 720 1152 superbus
748 1107 870 1152 atque
900 1105 1086 1151 inpotens
1121 1106 1163 1138 et
1195 1100 1338 1137 fiducia

144 1172 285 1205 virium
306 1167 482 1204 tumidus
502 1169 557 1202 ait
573 1180 580 1202 :

276 1268 382 1311 Quod
398 1269 465 1301 nisi
482 1268 624 1310 quiens,
644 1266 818 1304 Menelae.
836 1266 903 1299 hac
921 1266 1044 1299 dextra
1060 1265 1212 1303 occides,

147 1365 334 1402 diurnum
367 1365 525 1412 accipit,
558 1364 599 1398 in
634 1360 876 1398 centunculo
909 1360 1066 1397 dormit.
1141 1359 1253 1396 Idem
1287 1358 1338 1395 de

147 1430 233 1464 istis
252 1427 348 1463 licet
368 1425 550 1462 omnibus
571 1424 691 1469 dicas,
711 1437 809 1474 quos
836 1436 951 1473 supra
978 1425 1108 1472 capita
1133 1421 1339 1458 hominum

148 1502 344 1539 supraque
361 1488 518 1525 turbam
539 1486 730 1524 delicatos
745 1486 887 1524 lectica
903 1485 1110 1535 suspendit
1127 1498 1134 1528 ;
1164 1487 1340 1521 omnium

149 1555 314 1588 istorum
344 1555 555 1600 personata
584 1549 753 1586 felicitas
783 1553 854 1586 est.
914 1548 1157 1585 Contemnes
1186 1547 1287 1592 illos,
1311 1549 1343 1582 si

150 1614 441 1664 despoliaveris.

110 1675 132 1712 9
219 1676 377 1726 Equum
415 1679 622 1724 empturus
662 1673 757 1710 solvi
796 1673 908 1709 iubes
946 1677 1127 1717 stratum,
1167 1670 1344 1708 detrahis

152 1742 392 1776 vestimenta
420 1737 637 1782 venalibus,
658 1749 708 1773 ne
738 1748 816 1785 qua
843 1737 939 1771 vitia
968 1737 1139 1784 corporis
1166 1734 1344 1778 lateant3

518 1831 588 1864 lat
606 1830 777 1872 Madvig;
801 1834 862 1862 aut
879 1828 983 1862 MSS.

205 1918 403 1951 “Authors
426 1916 632 1954 unknowm
658 1915 833 1952 Ribbeck,
851 1915 958 1957 Fraq.
988 1915 1078 1957 Trqa
1059 1925 1166 1956 ᾳ..ρρ
1188 1916 1250 1945 289
1273 1913 1345 1945 and

154 1965 226 1995 276
274 1961 350 1993 The
369 1959 446 1992 first
465 1970 617 2002 passage
633 1959 731 2001 (with
751 1969 818 1992 one
837 1958 989 2000 change)
1005 1960 1034 1990 is
1054 1958 1128 1990 also
1148 1956 1280 1999 quoted
1297 1957 1345 1998 by

153 2005 364 2046 Quintilian,
382 2005 426 2037 ix.
447 2007 477 2036 4.
502 2006 571 2036 140.

156 2056 233 2094 216
