1434 2333
391 114 506 152 THE
535 114 788 152 EPISTLES
818 114 888 151 OF
918 114 1126 151 SENECA

166 205 290 238 maius
310 208 449 251 putem
464 215 582 251 quam
602 202 670 237 illa
689 215 826 238 secura
840 207 882 238 et
901 205 1141 251 intemptata
1156 202 1352 246 fortunae,

166 261 315 305 quanto
342 259 463 292 rarius
493 260 554 291 est
582 255 739 291 hostem
764 257 905 292 amissa
928 268 1048 291 manu
1071 258 1208 292 vicisse
1235 269 1353 305 quam

166 311 343 345 armata?
400 308 544 354 “Quid
584 309 741 357 ergo?''
778 311 920 358 inquis,
954 308 1065 345 “hoc
1098 309 1245 345 bonum
1279 309 1352 345 tibi

165 362 383 411 optabis?”
443 361 622 408 Quidni?
680 362 769 398 Hoc
804 365 910 398 enim
938 365 1013 398 nisi
1046 365 1113 411 qui
1147 367 1280 411 potest
1311 367 1352 399 et

97 413 146 449 53
166 421 316 464 optare,
355 429 435 452 non
473 420 607 464 potest
643 415 784 452 facere.
848 416 913 451 An
951 418 1082 464 potius
1119 421 1269 464 optem,
1308 421 1352 452 ut

165 469 418 505 malaxandos
455 469 640 506 articulos
679 469 844 505 exoletis
878 472 976 505 meis
1014 470 1237 518 porrigam?
1296 469 1353 506 Ut

165 523 395 559 muliercula
421 528 490 560 aut
516 523 655 572 aliquis
681 526 722 558 in
746 523 1018 559 mulierculam
1045 535 1093 559 ex
1118 526 1200 558 viro
1219 535 1352 559 versus

164 576 354 624 digitulos
375 589 482 613 meos
503 576 650 613 ducat?
708 575 857 621 Quidni
882 589 957 625 ego
977 575 1195 612 feliciorem
1213 581 1353 625 putem

167 630 356 675 Mucium,
372 630 478 679 quod
499 633 552 666 sic
573 633 757 666 tractavit
776 633 924 679 ignem,
941 633 1050 679 quasi
1070 629 1177 666 illam
1192 642 1353 665 manum

164 687 367 720 tractatori
396 685 685 733 praestitisset?
744 683 790 719 In
816 686 1018 732 integrum
1037 686 1213 720 restituit
1239 683 1353 732 quid-

164 737 259 786 quid
281 743 501 780 erraverat;
531 737 703 774 confecit
724 737 874 774 bellum
894 740 1054 773 inermis
1069 750 1114 773 ac
1130 750 1290 773 mancus
1311 741 1353 773 et

163 790 231 826 illa
251 804 370 827 manu
391 796 530 827 trunca
550 804 664 840 reges
684 791 782 827 duos
803 793 906 827 vicit.
965 791 1082 827 VALE.

677 1087 840 1125 LXVII.

437 1221 589 1258 SENECA
621 1222 778 1258 LVCILIO
807 1235 872 1258 SVO
902 1234 1073 1259 SALVTEM

125 1339 141 1375 1
232 1341 285 1377 Vt
314 1355 336 1377 a
364 1340 638 1376 communibus
667 1342 825 1376 initium
855 1339 1008 1385 faciam,
1035 1353 1103 1377 ver
1130 1344 1282 1390 aperire
1312 1355 1352 1378 se

164 1398 308 1444 coepit,
330 1394 400 1430 sed
425 1397 502 1430 iam
528 1393 762 1430 inclinatum
781 1396 823 1429 in
846 1399 1053 1439 aestatem,
1074 1407 1152 1444 quo
1172 1400 1352 1444 tempore

164 1449 291 1485 calere
331 1448 518 1492 debebat,
555 1449 730 1496 intepuit
767 1460 842 1483 nec
879 1447 1010 1484 adhuc
1048 1447 1104 1484 illi
1143 1448 1239 1485 fides
1278 1454 1348 1485 est.

165 1502 292 1551 Saepe
319 1504 425 1538 enim
451 1504 491 1536 in
518 1500 691 1536 hiemem
719 1500 941 1536 revolvitur.
1001 1501 1068 1538 Vis
1096 1505 1206 1547 scire,
1233 1515 1351 1552 quam

164 1556 329 1592 dubium
354 1555 484 1591 adhuc
510 1554 589 1590 sit?
645 1553 833 1590 Nondum
858 1567 923 1590 me
950 1557 1156 1591 committo
1184 1555 1351 1604 frigidae

164 1622 292 1654 verae,
331 1608 461 1645 adhuc
499 1610 670 1656 rigorem
709 1610 793 1644 eius
832 1607 1014 1656 infringO.
1083 1609 1212 1644 “Hoc
1251 1609 1350 1654 est‚”

162 1666 306 1712 inquis,
322 1667 346 1683 “
359 1675 433 1698 nec
454 1661 625 1697 calidum
645 1673 719 1697 nec
739 1660 927 1710 frigidum
946 1661 1066 1709 pati.'’
1127 1661 1188 1698 Ita
1208 1667 1281 1708 est,
1297 1666 1351 1699 mi

164 1717 314 1760 Lucili;
344 1719 422 1751 iam
442 1720 550 1751 aetas
570 1727 658 1750 mea
678 1719 868 1750 contenta
888 1719 949 1750 est
971 1727 1040 1750 suo
1061 1714 1215 1764 frigore.
1277 1716 1350 1752 Vix

215 1817 230 1830 α
254 1810 287 1842 Α
315 1820 391 1841 rare
415 1808 758 1840 word—sometimes
787 1807 920 1849 spelled
946 1808 1271 1845 malacisso‚—used
1302 1809 1350 1851 by

163 1853 308 1885 Plautus
333 1852 469 1894 (Bacch.
500 1852 553 1893 73)
580 1850 651 1883 and
676 1849 860 1888 Laberius,
889 1851 954 1883 but
979 1854 1040 1883 not
1066 1853 1101 1883 in
1128 1862 1149 1883 a
1174 1852 1350 1884 technical

163 1907 433 1971 serlsssorsenna
449 1937 520 1969 and
536 1936 702 1978 Tarquin.

216 1989 228 2002 ⁰
251 1982 317 2015 See
330 1981 573 2013 Introduction
585 1979 679 2020 (Vol.
695 1979 722 2011 Ι.
737 1990 770 2021 p.
780 1979 829 2019 x),
840 1979 911 2011 and
923 1979 985 2012 the
997 1982 1153 2023 opening
1163 1983 1348 2013 sentences

162 2025 202 2057 of
217 2025 308 2067 Epp.
330 2025 461 2060 lxxvii,
479 2024 634 2059 lxxxvii„
652 2022 723 2054 and
739 2022 868 2055 others.

165 2082 214 2115 34
