1434 2333
386 107 501 145 THE
530 109 784 148 EPISTLES
815 111 885 148 OF
914 110 1125 147 SENECA

162 192 295 238 subiti,
311 194 360 230 ad
381 198 491 232 cuius
511 199 634 233 ictum
651 201 771 234 etiam
787 201 914 234 vicina
929 202 1189 235 tremuerunt.
1248 198 1349 233 Nam

163 270 208 301 ut
228 266 308 302 illic
324 271 499 318 quisquis
515 271 565 306 ab
580 273 674 320 igne
695 274 852 321 propior
872 275 999 316 stetit,
1015 284 1199 321 percusso
1215 270 1351 307 similis

163 339 369 389 obstipuit,
404 345 457 379 sic
492 346 532 380 in
567 344 626 381 his
660 358 731 394 per
762 345 935 395 aliquam
968 348 1047 381 vim
1079 344 1352 381 accidentibus

165 425 288 449 unum
317 414 518 453 calamitas
548 421 749 467 opprimit,
779 424 932 456 ceteros
964 422 1108 464 metus,
1137 429 1352 467 paremque

165 489 287 534 passis
307 490 509 526 tristitiam
530 489 625 527 facit
646 494 728 540 pati
748 505 873 541 posse.

123 560 144 596 5
234 559 422 598 Omnium
449 566 600 600 animos
627 565 729 601 mala
754 565 882 602 aliena
903 578 946 601 ac
973 566 1183 613 repentina
1212 563 1354 600 sollici-

165 637 263 670 tant.
342 634 690 680 Quemadmodum
732 652 824 676 aves
866 641 985 675 etiam
1033 640 1160 674 inanis
1207 637 1354 674 fundae

166 719 283 743 sonus
297 712 466 755 territat,
482 724 551 747 nos
564 713 620 747 ita
632 725 710 747 non
725 712 775 748 ad
788 715 912 748 ictum
925 716 1082 748 tantum
1097 713 1356 759 exagitamur,

167 781 237 817 sed
257 781 307 818 ad
334 786 541 831 crepitum.
602 785 691 821 Non
713 790 847 834 potest
874 798 968 834 ergo
988 786 1196 834 quisquam
1216 784 1356 820 beatus

168 867 267 900 esse,
283 859 350 905 qui
372 855 463 893 huic
479 870 520 894 se
537 860 713 907 opinioni
735 858 914 895 credidit.
967 858 1056 893 Non
1073 860 1178 894 enim
1194 858 1356 894 beatum

168 933 242 974 est,
256 931 329 965 nisi
346 930 452 979 quod
468 932 711 980 intrepidum
727 945 736 976 ;
765 935 871 968 inter
886 936 1067 980 suspecta
1084 929 1186 966 male
1202 932 1355 966 vivitur.

127 1000 147 1036 6
169 1002 358 1052 Quisquis
397 1018 437 1041 se
475 1005 645 1042 multum
680 1005 854 1043 fortuitis
883 1005 1010 1050 dedit,
1043 1007 1252 1053 ingentem
1286 1002 1359 1038 sibi

170 1080 376 1113 materiam
397 1079 707 1127 perturbationis
728 1086 770 1117 et
790 1078 1111 1128 inexplicabilem
1131 1077 1251 1120 fecit3
1281 1089 1360 1112 una

170 1151 269 1188 haec
298 1155 359 1188 via
392 1158 452 1189 est
486 1153 535 1189 ad
570 1159 658 1191 tuta
678 1154 854 1198 vadenti,
883 1157 1048 1190 externa
1081 1151 1285 1200 despicere
1319 1155 1362 1186 et

172 1224 340 1261 honesto
373 1231 608 1263 contentum
644 1240 740 1264 esse.
801 1227 902 1262 Nam
931 1228 997 1275 qui
1030 1223 1180 1274 aliquid
1214 1226 1361 1260 virtute

172 1298 313 1335 melius
351 1305 465 1348 putat
504 1306 573 1337 aut
612 1301 736 1337 ullum
774 1304 933 1350 praeter
970 1298 1077 1334 illam
1116 1298 1278 1341 bonum,
1311 1296 1361 1332 ad

172 1371 284 1417 haec,
304 1386 404 1421 quae
431 1387 453 1409 a
480 1373 639 1410 fortuna
668 1379 919 1423 sparguntur,
947 1375 1075 1408 sinum
1102 1370 1295 1419 expandit
1321 1374 1363 1406 et

132 1445 151 1480 7
173 1445 362 1482 sollicitus
376 1447 536 1483 missilia
549 1451 632 1484 eius
649 1452 846 1497 expectat.
898 1447 936 1482 H
941 1459 1015 1482 ane
1029 1448 1134 1482 enim
1148 1446 1362 1493 imaginem

172 1522 304 1556 animo
325 1525 394 1556 tuo
414 1534 604 1570 propone,
624 1521 737 1558 ludos
764 1521 893 1557 faeere
914 1519 1114 1556 fortunam
1135 1523 1176 1555 et
1196 1521 1237 1554 in
1256 1516 1363 1553 hunc

173 1595 398 1631 mortalium
415 1600 574 1632 coetum
594 1595 776 1640 honores,
793 1594 962 1639 divitias,
978 1595 1146 1643 gratiam
1162 1596 1363 1635 excutere,

173 1682 340 1718 quorum
360 1669 435 1705 alia
455 1672 560 1706 inter
579 1669 852 1718 diripientium
872 1679 1010 1703 manus
1031 1668 1148 1702 scissa
1168 1669 1273 1710 sunt,
1289 1663 1365 1700 alia

174 1743 295 1780 infida
321 1747 511 1781 societate
533 1744 669 1788 divisa,
690 1742 766 1778 alia
786 1754 931 1791 magno
951 1740 1194 1776 detrimento
1215 1751 1365 1782 eorum,

174 1823 215 1856 in
252 1833 350 1869 quos
389 1819 647 1862 devenerant,
680 1828 831 1865 prensa.
889 1815 950 1850 Ex
988 1814 1130 1863 quibus
1168 1811 1363 1862 quaedam

174 1894 282 1930 aliud
328 1894 540 1943 agentibus
582 1891 821 1935 inciderunt,
863 1887 1072 1938 quaedam,
1115 1889 1207 1937 quia
1248 1888 1365 1922 nimis

264 2021 278 2033 ‘¹
305 2015 372 2050 z'.e.,
391 2011 554 2054 engaged
570 2022 666 2054 upon
683 2009 886 2050 something
902 2007 981 2039 else.
1037 2006 1088 2049 Cf.
1110 2005 1178 2047 Ep.
1200 2005 1220 2036 i.
1245 2006 1272 2036 l.

180 2074 195 2105 1
210 2066 255 2104 16
