1434 2333
373 106 488 143 THE
518 104 773 142 EPISTLES
805 104 876 141 OF
907 103 1118 142 SENECA

145 208 264 245 opera
314 194 559 231 mortalitate
611 192 799 229 damnata
854 197 960 239 sunt,
1007 196 1113 230 inter
1164 195 1339 242 peritura

145 252 321 285 vivimus.

80 301 126 337 13
216 302 329 338 Haec
343 314 437 351 ergo
453 306 573 350 atque
591 300 783 337 eiusmodi
799 300 941 337 solacia
955 300 1148 337 admoveo
1165 299 1336 337 Liberali

147 360 281 392 nostro
294 354 517 391 incredibili
531 354 703 404 quodam
718 357 867 403 patriae
885 367 978 392 suae
993 367 1126 391 amore
1142 353 1337 403 flagranti,

148 422 249 459 quae
270 408 435 445 fortasse
457 413 691 457 consumpta
713 413 786 454 est,
803 413 848 445 ut
864 411 905 444 in
920 409 1063 445 melius
1084 410 1336 445 excitaretur.

149 464 276 512 Saepe
311 465 445 498 maiori
480 462 663 498 fortunae
697 461 828 498 locum
863 462 959 499 fecit
997 465 1148 499 iniuria.
1208 461 1339 498 Multa

147 517 392 561 ceciderunt,
413 522 458 552 ut
478 516 596 552 altius
617 521 837 565 surgerent.
898 516 1135 566 Timagenes
1156 515 1340 553 felicitati

149 571 254 607 urbis
289 573 470 607 inimicus
504 570 637 606 aiebat
678 569 824 606 Romae
859 570 933 606 sibi
967 570 1152 607 incendia
1185 570 1235 606 ob
1263 569 1340 605 hoc

149 637 273 660 unum
311 624 437 660 dolori
476 636 575 669 esse,
614 623 720 673 quod
759 627 878 660 sciret
915 624 1079 661 meliora
1117 628 1340 660 surrectura

81 680 130 716 14
149 691 267 728 quam
288 681 485 715 arsissent.
547 677 593 713 In
615 677 687 713 hac
711 690 869 727 quoque
897 679 993 715 urbe
1020 681 1101 715 veri
1128 677 1256 714 simile
1281 681 1342 713 est

150 737 369 768 certaturos
386 744 537 776 omnes,
554 737 598 768 ut
614 734 759 767 maiora
776 735 1022 782 certioraque
1039 745 1158 782 quam
1173 734 1341 768 amisere

149 785 439 822 restituantur.1
498 784 587 821 Sint
621 788 774 821 utinam
808 785 996 822 diuturna
1034 791 1076 823 et
1112 785 1341 822 melioribus

149 842 331 888 auspiciis
380 842 420 875 in
467 852 608 875 aevum
656 839 812 888 longius
859 840 1041 876 condita!
1100 840 1202 875 Nam
1250 838 1342 874 huic

150 893 328 929 coloniae
349 893 398 929 ab
419 895 572 941 origine
597 906 666 928 sua
691 896 962 930 centensimus
988 906 1115 930 annus
1139 898 1213 937 est,
1234 897 1343 929 aetas

150 960 201 983 ne
230 947 381 982 homini
412 946 573 996 quidem
605 951 793 983 extrema.
853 948 890 983 A
923 947 1069 984 Planco
1099 947 1274 984 deducta
1301 949 1343 982 in

150 1000 252 1036 hanc
274 1000 568 1050 frequentiam2
589 1000 664 1036 loci
689 1004 990 1049 opportunitate
1012 1001 1225 1046 convaluit,
1246 1005 1344 1050 quot

151 1059 286 1091 tamen
334 1057 581 1103 gravissimos
629 1067 740 1091 casus
785 1058 888 1092 intra
933 1058 1104 1104 spatium
1146 1054 1343 1091 humanae

152 1111 371 1145 senectutis
390 1108 515 1144 tulit.3

85 1166 132 1202 15
220 1162 361 1211 Itaque
401 1162 594 1198 formetur
631 1164 784 1198 animus
818 1163 868 1199 ad
902 1163 1156 1200 intellectum
1190 1165 1344 1212 patien-

153 1218 330 1265 tiamque
358 1218 472 1252 sortis
497 1228 590 1252 suae
621 1221 663 1252 et
692 1218 817 1252 sciat4
837 1216 938 1252 nihil
958 1220 1140 1253 inausum
1161 1230 1247 1254 esse
1268 1215 1344 1252 for-

153 1274 287 1314 tunae,
308 1269 494 1305 adversus
515 1272 679 1318 imperia
699 1269 808 1305 illam
828 1270 935 1306 idem
957 1270 1104 1308 habere
1124 1274 1218 1307 iuris
1239 1269 1345 1320 quod

153 1322 340 1359 adversus
380 1326 637 1372 imperantes,
678 1323 866 1360 adversus
911 1325 1028 1361 urbes
1075 1324 1184 1361 idem
1230 1336 1345 1373 posse

153 1377 259 1426 quod
283 1376 470 1413 adversus
498 1376 688 1413 homines.
750 1377 860 1413 Nihil
888 1377 1027 1414 horum
1055 1378 1346 1428 indignandum

206 1439 217 1458 1
240 1440 468 1471 restituantur
494 1439 699 1476 Buecheler,
724 1440 804 1473 who
827 1441 982 1483 thought
1005 1443 1033 1473 it
1056 1442 1118 1474 the
1141 1441 1288 1483 reading
1311 1440 1351 1472 of

155 1482 231 1520 BA,
250 1482 364 1515 which
382 1485 410 1515 is
428 1493 524 1514 more
541 1483 713 1525 probably
732 1485 927 1522 restituant,
945 1485 1138 1527 according
1153 1488 1191 1518 to
1209 1485 1344 1517 Hense.

191 1525 205 1545 ²
228 1526 265 1557 in
281 1526 368 1558 lianc
377 1526 611 1568 frequentiam
628 1526 717 1558 later
734 1526 837 1560 MSS.
854 1539 862 1566 ;
887 1528 924 1560 ‘in
940 1529 1002 1560 hac
1011 1529 1211 1571 frequentia
1229 1527 1305 1560 BA.

486 1570 498 1589 ³
523 1570 601 1602 tulit
618 1569 735 1602 added
751 1570 799 1612 by
817 1570 1023 1604 Buecheler.

455 1614 467 1631 ⁴
489 1613 574 1644 sciat
591 1612 680 1645 later
696 1612 799 1646 MSS.
816 1625 824 1652 ;
849 1615 957 1647 sciant
980 1615 1055 1647 BA.

207 1694 221 1707 α
248 1686 423 1730 Probably
441 1688 502 1720 the
522 1690 650 1726 writer,
669 1690 741 1721 and
764 1691 926 1723 intimate
949 1691 1065 1723 friend
1088 1693 1129 1724 of
1148 1691 1348 1733 Augustus,

155 1730 233 1762 who
250 1730 366 1772 began
383 1731 443 1763 life
460 1733 493 1763 in
514 1731 627 1764 Rome
651 1743 690 1764 as
706 1744 727 1764 a
751 1735 890 1775 captive
914 1735 1004 1766 from
1029 1734 1161 1777 Egypt.
1212 1734 1350 1776 Falling

154 1774 229 1805 into
253 1773 433 1806 disfavour
457 1775 541 1806 with
565 1775 626 1807 the
651 1775 834 1818 Emperor,
855 1776 900 1809 he
923 1777 1011 1810 took
1034 1779 1157 1820 refuge
1181 1777 1265 1810 with
1289 1777 1351 1810 the

154 1816 373 1849 malcontent
397 1817 543 1850 Asinius
569 1818 678 1850 Pollio
702 1822 739 1852 at
762 1819 968 1858 Tusculum,
994 1821 1065 1853 and
1096 1821 1350 1863 subsequently

154 1859 235 1891 died
253 1861 287 1891 in
304 1860 366 1892 the
383 1860 481 1894 East.
530 1861 584 1894 Cf.
605 1861 752 1900 Seneca,
771 1863 822 1895 De
838 1864 912 1901 Ira,
931 1866 976 1897 iii.
994 1867 1045 1897 23.

208 1903 220 1922 ¹²
245 1902 279 1934 It
296 1914 367 1935 was
385 1905 419 1935 in
437 1906 479 1936 43
501 1915 566 1937 B.c.
591 1905 671 1937 that
691 1905 843 1938 Plancus
856 1906 914 1939 led
929 1910 991 1940 out
1007 1908 1069 1940 the
1085 1907 1254 1940 colonists
1270 1907 1350 1939 who

155 1955 245 1977 were
268 1945 398 1988 chiefly
419 1947 558 1979 Roman
583 1950 726 1981 citizens
751 1950 873 1981 driven
898 1950 989 1982 from
1013 1950 1164 1984 Vienna.
1213 1950 1349 1984 Seneca

154 1989 270 2020 would
286 1989 377 2021 have
401 1990 491 2022 been
509 2001 605 2023 more
629 1996 794 2025 accurate
818 1993 889 2025 had
912 1994 956 2026 he
973 1994 1050 2026 said
1069 2000 1091 2012 “
1103 2005 1171 2026 one
1187 1993 1350 2026 hundred

154 2031 224 2062 and
249 2032 370 2073 eighth
395 2034 448 2075 (or
474 2034 674 2076 seventh).''
721 2035 914 2069 Buecheler
937 2037 1008 2070 and
1031 2037 1214 2070 Schultess
1234 2037 1351 2069 would

157 2087 236 2119 440
