1434 2333
403 105 519 142 THE
547 105 802 142 EPISTLES
832 105 903 142 OF
932 105 1142 143 SENECA

180 193 300 239 Quod
330 196 360 229 si
388 198 463 238 est,
482 196 625 229 rationi
651 197 863 243 repugnat,
890 206 939 230 ex
966 207 1043 243 qua
1068 196 1236 230 virtutes
1262 197 1368 238 sunt,

181 261 222 292 et
243 258 414 301 veritati,
436 269 536 305 quae
558 259 642 293 sine
668 259 822 293 ratione
842 269 924 292 non
950 261 1022 293 est.
1081 255 1367 306 Quaecumque

111 318 159 354 23
179 322 315 354 autem
349 321 482 367 opinio
516 321 674 355 veritati
712 324 923 368 repugnat,
957 318 1054 355 falsa
1088 323 1158 355 est.
1230 318 1369 354 Virum

180 381 329 416 bonum
359 380 553 417 concedas
583 394 747 418 necesse
779 386 840 418 est
874 394 1050 418 summae
1085 382 1246 430 pietatis
1276 393 1370 429 erga

180 442 275 478 deos
297 455 393 479 esse.
454 443 594 492 Itaque
616 443 805 493 quicquid
831 443 888 479 illi
912 443 1070 488 accidit,
1090 456 1217 492 aequo
1237 444 1369 478 animo

181 505 419 549 sustinebit;
458 508 557 542 sciet
586 509 692 542 enim
720 505 761 542 id
787 505 976 542 accidisse
1005 506 1096 555 lege
1126 505 1272 550 divina,
1293 517 1370 553 qua

180 568 363 604 universa
389 567 623 616 procedunt.
682 567 803 614 Quod
829 570 859 604 si
887 573 960 613 est,
988 581 1111 603 unum
1138 567 1195 603 illi
1222 567 1371 603 bonum

183 632 272 674 erit,
301 629 408 678 quod
438 629 676 674 honestum3
718 633 759 665 in
794 629 868 666 hoc
898 633 1004 666 enim
1034 632 1207 678 positum
1239 633 1300 665 est
1329 633 1371 665 et

181 704 319 740 parere
343 691 402 728 dis
423 705 497 728 nec
519 692 808 729 excandescere
829 692 879 728 ad
906 692 1037 728 subita
1063 704 1138 728 nec
1165 691 1372 740 deplorare

182 758 328 789 sortem
356 766 478 799 suam,
500 754 568 790 sed
596 757 799 803 patienter
822 757 1005 803 excipere
1032 753 1159 790 fatum
1180 758 1222 790 et
1242 752 1372 789 facere

112 823 162 859 24
180 818 385 864 imperata.
444 815 485 852 Si
502 816 625 852 ullum
643 816 750 852 aliud
767 821 828 853 est
847 817 997 852 bonum
1012 829 1130 865 quam
1145 815 1372 860 honestum,

182 883 373 927 sequetur
409 891 480 914 nos
518 878 686 915 aviditas
725 881 843 924 vitae,
877 878 1043 914 aviditas
1081 891 1212 914 rerum
1250 880 1372 913 vitam

181 943 479 986 instruentium,
495 940 602 990 quod
623 945 684 977 est
704 941 967 986 intolerabile,
988 940 1200 985 infinitum,
1216 953 1370 990 vagum.

182 1002 317 1039 Solum
339 1016 433 1052 ergo
454 1003 603 1040 bonum
623 1008 685 1040 est
703 1003 930 1049 honestum,
951 1006 1013 1039 cui
1033 1002 1172 1039 modus
1193 1007 1265 1039 est.

114 1076 161 1111 25
251 1064 434 1101 Diximus
455 1064 629 1101 futuram
650 1065 855 1101 hominum
875 1064 1093 1101 feliciorem
1113 1068 1235 1101 vitam
1255 1077 1373 1114 quam

183 1127 362 1172 deorum,
392 1130 423 1163 si
453 1140 499 1164 ea
533 1128 635 1163 bona
670 1132 775 1172 sunt,
806 1140 973 1176 quorum
1002 1127 1161 1163 nullusl
1191 1126 1252 1163 dis
1281 1139 1373 1163 usus

184 1195 259 1235 est,
286 1194 489 1239 tamquam
518 1192 700 1239 pecunia,
728 1189 907 1225 honores.
968 1189 1094 1225 Adice
1124 1202 1243 1234 1111110,
1267 1188 1374 1238 quod

184 1255 215 1288 si
245 1251 362 1288 modo
391 1251 544 1287 solutae
574 1252 801 1300 corporibus
830 1254 985 1287 animae
1015 1255 1193 1295 manent,
1223 1250 1376 1287 felicior

184 1315 259 1350 illis
281 1319 407 1351 status
427 1318 551 1350 restat
571 1326 690 1362 quam
710 1318 784 1358 est,
800 1313 896 1349 dum
916 1318 1122 1349 versantur
1141 1316 1182 1349 in
1199 1326 1372 1363 corpore.

186 1378 310 1427 Atqui
340 1380 371 1413 si
400 1379 475 1413 ista
498 1377 602 1412 bona
631 1381 736 1420 sunt,
757 1377 898 1425 quibus
928 1389 999 1425 per
1028 1389 1189 1425 corpora
1214 1379 1375 1421 utimur,

185 1442 336 1476 emissis
365 1441 439 1475 erit
470 1442 595 1488 peiUS,
625 1438 731 1488 quod
761 1443 899 1474 contra
927 1438 1047 1474 fidem
1077 1443 1150 1483 est,
1179 1437 1374 1475 feliciores

185 1515 271 1538 esse
292 1501 426 1537 liberis
447 1506 488 1537 et
508 1504 549 1536 in
571 1503 797 1537 universum
817 1500 920 1537 datis
941 1500 1091 1537 clausas
1119 1505 1161 1537 et
1186 1501 1373 1537 obsessas.

115 1561 293 1600 26111ud
326 1576 484 1613 quoque
518 1562 708 1607 dixeram,
742 1565 773 1598 si
807 1563 909 1598 bona
945 1567 1037 1598 sunt
1072 1575 1131 1608 ea,
1160 1575 1261 1612 quae
1292 1568 1375 1599 tam

185 1627 336 1663 homini
367 1628 608 1674 contingunt
637 1638 755 1674 quam
785 1627 904 1661 mutis
928 1624 1176 1669 animalibus,
1197 1630 1238 1661 et
1266 1630 1377 1661 muta

444 1711 453 1730 ¹
479 1712 595 1743 nullus
611 1711 699 1743 later
716 1710 818 1744 MSS.
837 1724 845 1747 ;
870 1711 1003 1742 nullum
1021 1710 1121 1742 VPb.

240 1816 254 1829 ‘¹
283 1809 335 1851 Cf.
356 1809 424 1853 Ep.
446 1810 549 1842 lxxiv.
573 1812 612 1841 14
628 1814 689 1841 aut
710 1810 774 1841 ista
795 1809 883 1841 bona
898 1820 968 1841 non
982 1814 1075 1845 sunt,
1093 1821 1178 1851 «suae
1200 1814 1376 1847 vocantur,

188 1857 249 1885 aut
272 1853 368 1885 homo
385 1853 526 1895 felicior
547 1854 606 1885 (leo
629 1857 686 1889 est,
705 1853 865 1895 quoniam
886 1852 1019 1894 quidem
1037 1863 1122 1894 qnae
1134 1856 1265 1895 parata
1282 1853 1378 1885 nobis

187 1900 280 1933 sunt,
298 1907 365 1928 non
385 1897 479 1928 habet
496 1897 533 1928 in
550 1908 612 1928 usu
629 1897 718 1928 deus.

244 1941 256 1959 ὃ
280 1950 358 1981 αφ,
384 1939 453 1982 Ep.
484 1939 588 1971 Lxxiv.
619 1942 657 1971 16
683 1950 851 1971 summum
884 1938 1007 1970 bonum
1033 1965 1038 1970 .
1069 1965 1075 1971 .
1105 1964 1111 1971 .
1139 1938 1323 1975 obsolescit,
1349 1939 1379 1971 si

190 1983 232 2013 ab
249 1983 379 2024 optima
403 1983 512 2015 nostri
524 1987 630 2025 parte
646 1983 694 2014 ad
710 1982 893 2024 pessimam
912 1982 1038 2013 transit
1055 1986 1085 2014 et
1103 1983 1317 2024 transfertur
1332 1983 1380 2014 ad

190 2037 318 2063 sensus,
336 2027 395 2068 qai
411 2026 570 2068 (tyiliores
585 2030 664 2058 sunt
680 2025 887 2058 animalibus
904 2025 1015 2058 mutis.

197 2076 271 2114 160
