1434 2333
141 419 159 457 1

140 740 161 775 [Ο

139 1228 160 1263 3

139 1601 161 1635 4

407 117 523 154 ΤΗΕ
553 116 806 154 EPISTLES
836 117 906 154 OF
935 117 1145 155 SENECA

682 229 871 267 LXXIII.

458 330 611 368 SENECA
642 331 801 368 chmo
831 346 897 368 svo
927 345 1098 370 SALVTEM

251 418 389 454 Errare
410 418 507 454 mihi
529 418 727 464 videntur,
748 422 815 468 qui
843 422 1072 455 existimant
1099 419 1370 469 philosophiae

182 471 355 508 fideliter
375 471 531 508 deditos
552 477 805 509 contumaces
826 486 911 509 esse
936 487 980 509 ac
1000 473 1259 519 refractarios,
1279 487 1371 509 con-

182 530 401 574 temptores
439 528 744 574 magistratuum
781 531 850 563 aut
888 540 1027 575 regum
1066 540 1264 572 eorumve,
1302 540 1373 576 per

182 592 279 628 quos
318 579 476 628 publica
513 579 850 616 administrantur.
927 580 986 616 Ex
1025 583 1220 617 contrario
1264 583 1370 617 enim

182 633 281 669 nulli
320 633 506 669 adversus
544 633 632 669 illos
671 637 862 682 gratiores
901 639 1017 677 sunt;
1061 647 1135 670 nec
1173 637 1368 671 inmerito.

183 686 311 722 Nullis
328 689 434 723 enim
451 687 539 735 plus
555 692 759 735 praestant
775 700 893 737 quam
909 688 1050 737 quibus
1066 687 1142 724 frui
1158 688 1372 737 tranquillo

181 743 262 776 otio
283 740 387 777 licet.
448 741 589 789 Itaque
610 744 649 786 ii,
670 742 812 790 quibus
832 741 1004 777 multum
1017 742 1026 760 ¹
1048 741 1099 778 ad
1124 745 1370 791 propositum

181 794 284 830 bene
319 794 477 830 vivendi
512 794 667 831 confert
701 798 888 831 securitas
918 795 1088 844 publica,
1117 809 1280 832 necesse
1310 801 1372 832 est

181 852 383 884 auctorem
421 847 537 884 huius
580 848 673 883 boni
718 854 762 884 ut
807 854 1015 897 parentem
1060 849 1205 894 colant,
1242 849 1371 885 multo

181 901 343 950 quidem
370 904 494 950 magis
522 914 639 950 quam
660 902 717 937 illi
744 905 912 951 inquieti
943 907 983 939 et
1012 905 1053 938 in
1080 903 1212 939 medio
1240 905 1371 951 positi,

181 958 247 1004 qui
275 955 399 991 multa
427 956 669 1004 principibus
689 955 854 1001 debent,
875 956 944 992 sed
965 956 1091 992 inulta
1110 962 1152 992 et
1172 959 1372 1005 inputant,

180 1009 323 1057 quibus
344 1022 561 1058 numquam
581 1014 663 1045 tam
684 1009 803 1058 plene
824 1022 1028 1046 occurrere
1051 1010 1129 1046 ulla
1155 1009 1371 1046 liberalitas

181 1067 327 1111 potest,
358 1068 402 1098 ut
436 1062 676 1111 cupiditates
705 1063 875 1108 illorum,
909 1076 1010 1112 quae
1045 1069 1241 1108 crescunt,
1275 1063 1370 1099 dum

180 1116 411 1164 implentur,
438 1119 618 1152 exsatiet.
678 1116 866 1166 Quisquis
894 1122 1029 1153 autem
1059 1117 1109 1153 de
1138 1117 1370 1166 accipiendo

181 1173 344 1219 cogitat,
365 1169 512 1206 oblitus
539 1173 692 1219 accepti
721 1175 805 1213 est3
839 1183 914 1206 nec
936 1170 1059 1206 ullum
1081 1170 1203 1207 habet
1222 1171 1371 1206 malum

181 1223 377 1272 cupiditas
392 1226 530 1268 maius,
546 1237 663 1273 quam
681 1223 786 1273 quod
807 1226 961 1272 ingrata
978 1229 1048 1260 est.
1108 1224 1234 1261 Adice
1251 1238 1371 1269 nunc,

181 1277 287 1326 quod
314 1290 432 1313 nemo
454 1290 602 1322 eorum,
623 1280 690 1326 qui
715 1280 755 1313 in
782 1290 823 1314 re
851 1277 1008 1326 publica
1035 1283 1249 1324 versantur,
1274 1283 1371 1327 quot

181 1334 326 1375 vincat,
351 1330 420 1366 sed
449 1344 471 1366 a
500 1331 642 1379 quibus
671 1333 864 1376 vincatur,
893 1334 1043 1380 aspicit.
1103 1331 1156 1368 Et
1185 1332 1262 1367 illis
1291 1345 1370 1367 non

181 1389 263 1419 tam
283 1384 501 1420 iucundum
522 1390 583 1420 est
603 1384 748 1420 multos
769 1390 858 1433 post
879 1397 919 1421 se
946 1384 1080 1421 videre
1108 1398 1226 1434 quam
1252 1398 1371 1434 grave

181 1437 353 1486 aliquem
374 1443 468 1474 ante
496 1451 547 1474 se.
609 1438 746 1474 Habet
774 1438 847 1474 hoc
868 1441 1008 1474 vitium
1032 1442 1158 1475 omnis
1184 1439 1347 1475 ambitio
1362 1452 1371 1483 ;

181 1504 261 1527 non
300 1494 470 1540 respicit.
545 1492 629 1527 Nec
666 1492 831 1528 ambitio
869 1497 1026 1528 tantum
1064 1492 1259 1529 instabilis
1298 1498 1371 1538 est,

182 1558 317 1581 verum
338 1545 533 1593 cupiditas
554 1548 693 1590 omnis,
714 1548 806 1594 quia
825 1548 965 1594 incipit
985 1558 1143 1594 semper
1161 1559 1183 1582 a
1203 1546 1290 1582 fine.

249 1600 304 1635 At
324 1598 392 1635 ille
413 1601 471 1635 vir
491 1601 665 1635 sincerus
685 1612 729 1635 ac
751 1612 883 1648 purus,
899 1602 965 1648 qui
987 1599 1147 1648 reliquit
1164 1605 1204 1635 et
1225 1603 1369 1636 curiam

182 1657 223 1688 et
254 1652 381 1688 forum
412 1658 454 1689 et
482 1666 641 1689 omnem
670 1652 1054 1689 administrationem
1084 1656 1139 1689 rei
1174 1653 1367 1702 publicae,

482 1721 491 1740 ¹
515 1722 661 1753 multum
680 1721 823 1757 Haase;
847 1722 956 1753 altam
976 1721 1074 1754 VPb.

235 1794 250 1807 ἰ
274 1787 357 1818 This
374 1787 477 1818 letter
493 1788 522 1818 is
542 1786 731 1828 especially
747 1788 958 1827 interesting
979 1786 1131 1817 because
1152 1786 1192 1817 of
1212 1787 1256 1818 its
1273 1789 1372 1818 auto-

182 1830 422 1871 biographical
446 1830 554 1866 hints,
572 1829 643 1861 and
666 1831 711 1861 its
735 1830 881 1861 relation
903 1832 940 1861 to
962 1828 1125 1861 Seneca's
1149 1840 1227 1861 own
1252 1829 1372 1861 efforts

181 1877 219 1905 to
237 1874 280 1905 be
297 1873 349 1904 rid
365 1874 405 1905 of
418 1876 517 1905 court
535 1873 594 1904 life
610 1873 681 1904 and
697 1872 783 1905 seek
798 1873 860 1904 the
876 1872 1002 1904 leisure
1024 1872 1064 1904 of
1083 1872 1144 1904 the
1161 1883 1256 1914 sage.
1305 1872 1372 1904 See

183 1917 243 1949 the
261 1917 505 1948 Introduction
523 1919 559 1948 to
576 1916 655 1948 Vol.
679 1916 705 1949 I.
726 1927 783 1958 pp.
804 1917 861 1947 viii
878 1915 902 1948 f.

236 1962 247 1979 '²
274 1961 326 2002 Cf.
349 1960 502 1995 Horace,
522 1961 593 1991 Sat.
614 1961 634 1992 i.
659 1962 684 1992 l.
708 1962 767 1990 115
784 1959 855 1992 f.—

418 2012 513 2036 Instat
526 2012 605 2042 equis
618 2012 715 2042 auriga
728 2018 794 2035 suos
809 2010 1000 2040 vincentibus,
1014 2010 1095 2035 illum

417 2045 609 2069 Praeteritum
623 2046 755 2070 temnens
768 2044 910 2069 extremos
923 2045 999 2069 inter
1012 2044 1135 2069 euntem.

188 2091 260 2123 104
