1434 2333
377 113 492 149 THE
523 112 776 149 EPISTLES
807 112 878 148 OF
907 112 1117 149 SENECA

153 203 194 236 in
232 200 382 236 lubrico
420 205 536 245 stare,
575 203 667 249 quia
708 213 826 236 nemo
867 203 918 235 sit
964 205 1076 236 extra
1122 199 1339 248 periculum

154 263 342 307 malitiae,
362 264 437 298 nisi
457 265 524 311 qui
552 267 678 298 totam
703 275 791 298 eam
811 264 994 298 excussit.
1055 262 1182 298 Nemo
1208 266 1342 298 autem

154 324 262 360 illam
283 327 468 369 excussit,
488 327 562 360 nisi
590 326 656 373 qui
677 337 748 372 pro
767 323 835 359 illa
855 326 1089 372 sapientiam
1110 323 1340 372 adsumpsit.

91 384 134 420 11
223 385 330 431 Quid
347 389 452 422 inter
467 387 623 422 morbos
639 388 760 421 animi
780 388 939 422 intersit
956 390 997 422 et
1012 385 1208 430 adfectus,
1225 398 1343 434 saepe

155 451 233 484 iam
263 448 354 484 dixi.
414 448 530 483 Nunc
560 460 717 497 quoque
747 452 788 483 te
817 447 1066 483 admonebo:
1096 448 1221 483 morbi
1250 452 1344 483 sunt

154 513 377 546 inveterata
391 513 487 546 vitia
502 515 544 546 et
559 510 668 554 dura,
681 514 726 545 ut
741 512 914 554 avaritia,
928 515 973 546 ut
988 510 1152 546 ambitio
1168 522 1176 552 ;
1196 512 1317 545 nimio
1331 509 1344 532 1

156 572 306 608 artius2
333 571 431 607 haec
461 575 637 607 animum
666 571 938 620 inplicuerunt
967 576 1009 607 et
1038 576 1231 620 perpetua
1261 573 1345 607 eius

157 634 260 669 mala
288 647 374 670 esse
406 638 634 682 coeperunt.
710 633 767 670 Ut
800 634 974 669 breviter
1007 633 1152 678 finiam,
1187 633 1345 669 morbus

157 701 218 732 est
247 695 436 732 iudicium
465 698 506 731 in
535 708 654 744 pravo
684 698 878 743 pertinax,
902 700 1105 744 tamquam
1135 695 1249 731 valde
1279 708 1346 731 ex-

157 757 334 806 petenda
363 760 455 801 sint,
485 770 586 806 quae
620 756 763 793 leviter
793 757 1019 806 expetenda
1049 762 1151 793 sunt.
1212 757 1283 792 Vel
1315 759 1346 793 si

157 822 293 864 mavis,
314 822 370 855 ita
396 819 596 855 finiamus:
627 822 742 854 nimis
771 822 965 855 inminere
992 819 1135 856 leviter
1161 818 1346 867 petendis

158 882 221 918 vel
242 894 290 918 ex
312 886 398 917 toto
418 894 497 916 non
518 880 716 930 petendis,
736 885 805 916 aut
825 883 866 916 in
887 894 1030 929 magno
1051 883 1179 929 pretio
1199 880 1345 917 habere

91 945 139 981 12
159 946 198 979 in
218 943 350 992 aliquo
371 942 554 978 habenda
570 942 632 978 vel
649 945 690 978 in
706 942 825 978 nullo.
885 941 1081 978 Adfectus
1102 947 1195 978 sunt
1214 947 1346 978 motus

157 1008 277 1041 animi
299 1005 577 1054 improbabiles,
599 1004 718 1040 subiti
739 1009 781 1040 et
808 1007 1008 1048 concitati,
1029 1007 1095 1053 qui
1116 1004 1346 1053 frequentes

158 1068 414 1116 neglectique
436 1066 567 1103 fecere
594 1067 788 1111 morbum,
810 1069 911 1102 sicut
938 1066 1154 1103 destillatio
1176 1079 1252 1102 una
1272 1080 1346 1103 nec

158 1129 288 1165 adhuc
321 1132 362 1165 in
396 1142 545 1165 morem
579 1128 751 1165 adducta
789 1131 928 1164 tussim
962 1128 1069 1174 facit,
1108 1128 1271 1165 adsidua
1305 1133 1347 1165 et

159 1197 272 1228 vetus
311 1190 501 1240 phthisin.
581 1190 720 1239 Itaque
759 1193 826 1239 qui
873 1190 1086 1239 plurimum
1129 1190 1346 1239 profecere,

159 1258 269 1289 extra
299 1253 454 1289 morbos
483 1257 588 1297 sunt,
609 1251 789 1288 adfectus
809 1251 939 1288 adhuc
965 1255 1143 1288 sentiunt
1167 1252 1346 1301 perfecto

159 1317 336 1364 proximi.

93 1377 140 1413 13
226 1376 455 1413 Secundum
476 1388 601 1425 genus
628 1380 690 1411 est
710 1388 858 1421 eorum,
879 1379 946 1425 qui
971 1381 1013 1412 et
1036 1378 1206 1411 maxima
1225 1379 1345 1412 animi

159 1439 261 1475 mala
295 1444 337 1475 et
369 1437 551 1474 adfectus
585 1437 870 1486 deposuerunt,
902 1438 972 1474 sed
1006 1441 1073 1482 ita,
1105 1443 1150 1474 ut
1182 1451 1262 1474 non
1296 1441 1347 1475 sit

158 1501 234 1537 illis
265 1503 486 1537 securitatis
516 1512 608 1535 suae
638 1504 747 1535 certa
777 1502 980 1548 possessio.
1042 1499 1210 1536 Possunt
1239 1503 1345 1536 enim

92 1567 139 1603 14
158 1565 198 1598 in
229 1562 369 1598 eadem
398 1561 532 1598 relabi.
591 1560 769 1597 Tertium
801 1561 900 1597 illud
926 1574 1052 1610 genus
1080 1567 1190 1598 extra
1219 1561 1345 1598 multa

362 1662 372 1681 ¹
397 1662 502 1693 ηῐηιίο
521 1661 728 1697 Rossba<·h;
752 1661 861 1693 nimia
877 1661 964 1697 VP;
987 1662 1085 1693 ‘ninia
1104 1662 1136 1694 b.

435 1705 448 1724 ‘2
471 1705 582 1737 artius
598 1704 686 1736 later
703 1704 805 1737 MSS.
823 1718 832 1741 ς
856 1709 951 1737 actus
967 1704 1066 1737 VPb.

210 1815 225 1829 α
250 1808 318 1840 For
341 1806 504 1840 Seneca's
528 1817 607 1838 own
631 1806 808 1848 struggles
832 1806 916 1838 with
943 1806 1014 1838 this
1039 1806 1176 1839 disease
1200 1807 1244 1849 cf.
1271 1807 1340 1850 Ep.

158 1852 287 1884 lxxviii.
310 1854 337 1883 l.

211 1896 224 1914 ὁ
247 1894 321 1926 The
339 1893 527 1925 difference
546 1892 705 1924 between
727 1893 787 1924 the
803 1891 879 1924 first
896 1892 966 1923 and
986 1893 1048 1924 the
1065 1893 1196 1925 second
1212 1893 1342 1925 classes

158 1940 186 1969 is
218 1937 295 1968 well
329 1936 513 1969 described
547 1937 581 1967 in
612 1935 682 1977 Ep.
713 1935 806 1967 lxxii.
841 1939 859 1966 6
895 1936 954 1967 hoe
986 1936 1121 1968 interest
1152 1936 1241 1968 inter
1268 1948 1343 1968 con-

157 1984 347 2012 summotae
369 1979 557 2021 sapientiae
580 1979 692 2010 ‘virum
715 1983 745 2010 et
769 1979 875 2010 alium
895 1979 1121 2020 procedentis,
1145 1980 1232 2021 quod
1254 1980 1344 2011 inter

158 2035 279 2055 sanum
297 2027 326 2054 et
343 2035 381 2054 ea·
397 2022 511 2054 morbo
524 2022 626 2064 yram'
641 2033 681 2053 (ιο
697 2022 831 2054 diutino
847 2026 1074 2063 emeryentem.

164 2080 236 2112 142
