1434 2333
387 110 502 147 THE
531 106 783 146 EPISTLES
814 105 884 143 OF
913 105 1124 142 SENECA

165 200 347 237 tinebant
380 210 516 233 manus
550 200 590 232 et
623 194 875 231 infirmiorem
908 207 929 228 a
967 192 1218 229 validioribus
1256 197 1342 229 tue-

165 254 318 296 bantur,
353 250 571 287 suadebant
604 247 964 296 dissuadebantque
998 250 1039 282 et
1073 245 1186 282 utilia
1222 251 1344 296 atque

165 305 318 342 inutilia
355 303 636 339 monstrabant.
714 300 870 336 Horum
908 299 1121 348 prudentia
1157 312 1209 336 ne
1247 299 1343 348 quid

164 359 321 395 deesset
351 359 428 393 suis
462 355 705 405 providebat,
734 353 926 389 fortitudo
959 352 1133 402 pericula
1170 353 1344 397 arcebat,

164 410 425 448 beneficentia
440 409 611 458 augebat
622 408 634 431 1
651 407 895 456 ornabatque
911 407 1119 442 subiectos.
1161 406 1343 442 Officium

164 470 246 501 erat
266 467 470 512 imperare,
491 475 570 497 non
594 474 770 510 regnum.
831 460 959 497 Nemo
983 464 1177 509 quantum
1197 464 1344 508 posset,

163 518 347 554 adversus
377 529 442 552 eos
469 515 758 563 experiebatur,
783 527 853 562 per
881 526 978 563 quos
1003 518 1188 562 coeperat
1216 525 1344 562 posse,

163 584 235 607 nec
265 575 347 606 erat
377 572 558 618 cuiquam
578 573 646 604 aut
672 570 826 603 animus
846 569 886 603 in
912 569 1094 603 iniuriam
1121 571 1190 603 aut
1216 579 1344 611 causa,

164 637 251 659 cum
289 624 391 659 bene
433 624 643 670 imperanti
683 621 785 657 bene
824 625 1029 669 pareretur
1065 619 1245 669 nihilque
1274 633 1343 656 rex

163 680 285 713 maius
332 678 469 712 minari
511 675 614 710 male
662 674 892 723 parentibus
939 678 1085 723 posset,
1133 686 1250 723 quam
1298 678 1343 710 ut

162 729 343 766 abirent²
366 743 387 765 e
412 742 543 777 regno.

121 784 141 819 6
228 783 305 819 Sed
331 787 537 831 postquam
565 781 871 830 subrepentibus
894 783 999 817 vitiis
1025 783 1066 816 in
1091 780 1344 830 tyrannidem

162 850 281 886 regna
311 849 496 871 conversa
523 840 628 880 sunt,
654 848 751 883 opus
781 847 866 871 esse
893 834 1047 883 legibus
1075 836 1219 882 coepit,
1249 846 1344 883 quas

163 895 203 927 et
242 893 343 938 ipsas
381 892 486 925 inter
522 891 635 924 initia
672 888 801 924 tulere
844 890 1054 936 sapientes.
1113 886 1233 923 Solon
1278 890 1345 936 qui

162 943 340 979 Athenas
378 955 502 991 aequo
541 945 624 979 iure
672 941 867 986 fundavit,
905 944 1011 977 inter
1048 946 1203 990 septem
1240 940 1344 977 fuit3

162 999 351 1045 sapientia
378 1001 502 1032 notos.
562 995 787 1045 Lycurgum
816 998 847 1031 si
877 994 1014 1031 eadem
1036 999 1145 1031 aetas
1174 993 1345 1040 tulisset,

163 1063 268 1086 sacro
287 1049 344 1085 illi
372 1062 536 1086 numero
565 1052 793 1086 accessisset
821 1053 991 1086 octavus.
1052 1048 1208 1085 Zaleuci
1232 1047 1342 1097 leges

163 1103 471 1152 Charondaeque
502 1102 722 1139 laudantur.
784 1102 840 1138 Hi
877 1115 957 1138 non
994 1104 1034 1137 in
1074 1101 1158 1138 foro
1191 1114 1265 1138 nec
1302 1104 1343 1137 in

162 1157 430 1193 consultorum
473 1159 584 1201 atrio,
623 1156 693 1192 sed
739 1159 780 1191 in
820 1155 1068 1205 Pythagorae
1115 1158 1237 1192 tacito
1275 1155 1344 1191 illo

163 1216 377 1259 sanctoque
398 1222 552 1246 secessu
580 1209 806 1246 didicerunt
834 1212 928 1254 iura,
949 1222 1050 1258 quae
1071 1208 1227 1245 florenti
1246 1214 1343 1245 tunc

163 1263 317 1300 Siciliae
339 1268 380 1300 et
400 1276 469 1312 per
490 1263 645 1299 Italiam
667 1263 856 1299 Graeciae
877 1267 1084 1312 ponerent.

122 1312 141 1349 7
230 1317 436 1353 Hactenus
470 1316 676 1353 Posidonio
709 1316 933 1359 adsentior;
967 1317 1099 1352 artes⁴
1127 1315 1289 1365 quidem
1322 1329 1345 1352 a

164 1370 409 1419 philosophia
435 1373 629 1415 inventas,
649 1370 790 1419 quibus
811 1373 851 1406 in
879 1369 1076 1422 cotidiano
1105 1372 1185 1405 vita
1206 1372 1344 1415 utitur,

162 1437 242 1459 non
273 1427 528 1460 concesserim
560 1437 634 1460 nec
663 1424 719 1459 illi
753 1423 924 1459 fabricae
957 1423 1135 1459 adseram
1165 1423 1341 1472 gloriam.

163 1481 186 1497 “
202 1476 309 1522 Illa,’'
332 1480 473 1526 inquit,
488 1481 512 1498 ‘⁶
525 1490 675 1526 sparsos
692 1482 733 1513 et
752 1482 822 1514 aut
837 1480 940 1513 cavis
956 1481 1083 1513 tectos
1097 1477 1111 1499 5
1126 1481 1195 1513 aut
1214 1476 1345 1525 aliqua

215 1561 225 1579 ¹
250 1562 390 1603 stu-(sebas
407 1562 493 1593 later
511 1561 612 1594 MSS.
629 1572 638 1599 ;
661 1562 779 1604 ‹zyebat
798 1562 836 1594 B.

214 1604 226 1622 '-'
250 1604 379 1635 abirent
410 1604 496 1636 later
528 1604 656 1641 MSS*
695 1605 801 1637 abiret
834 1605 884 1641 B;
923 1616 1024 1647 quam
1056 1604 1148 1636 abire
1178 1616 1210 1636 se
1241 1615 1343 1646 refluo

163 1646 370 1679 Gronovius.

214 1690 226 1708 ³
242 1690 317 1731 fuit
334 1689 501 1731 Madvig:
525 1691 578 1722 eui
596 1690 634 1723 B.

215 1733 226 1751 4
249 1733 441 1765 adsentior:
465 1738 554 1765 artes
571 1733 738 1765 Erasmus
753 1747 761 1770 ;
786 1734 939 1766 adsensio
952 1739 1071 1776 partes
1086 1735 1205 1774 (artes)
1222 1732 1325 1765 MSS.

214 1776 226 1793 5
249 1786 385 1817 sparsos
409 1802 415 1807 .
445 1802 451 1807 .
481 1802 486 1807 .
515 1781 613 1808 tectos
631 1776 791 1818 Lipsiu83
816 1788 969 1818 sparsose
986 1778 1136 1809 caucasis
1152 1777 1250 1808 lectos
1268 1776 1307 1808 B.

214 1850 226 1861 ‘¹
251 1842 438 1874 Cleobulus
455 1843 494 1873 of
516 1842 671 1880 Rhodes,
692 1843 880 1875 Periander
895 1844 935 1874 of
956 1844 1114 1880 Corinth,
1134 1843 1291 1876 Pittacus
1307 1843 1348 1874 of

167 1884 346 1927 Mitylene,
382 1884 462 1916 Bias
493 1886 533 1916 of
562 1885 696 1921 Priene,
729 1885 856 1918 Thales
887 1886 927 1918 of
963 1886 1119 1924 Miletus,
1151 1886 1277 1918 Chilon
1307 1885 1348 1916 of

165 1927 301 1967 Sparta,
314 1927 384 1958 and
397 1928 501 1960 Solon
515 1928 554 1960 of
565 1928 713 1960 Athens.
747 1929 814 1961 For
827 1940 923 1961 some
936 1929 1084 1962 ofthese
1095 1929 1343 1962 substitutions

165 1980 223 2000 are
238 1970 340 2001 made
356 1972 390 2001 in
407 1972 538 2002 certain
556 1971 642 2003 lists.

218 2013 229 2029 '²
255 2012 307 2053 Cf.
329 2013 394 2055 Ep.
416 2013 565 2046 lxxxviii.
587 2016 626 2045 20
643 2015 774 2047 adalia
794 2016 950 2052 multam,
970 2016 1016 2048 acl
1034 2016 1189 2048 virtutem
1205 2015 1302 2048 nihil.

168 2066 241 2108 398
