1434 2333
398 136 514 172 THE
543 131 798 171 EPISTLES
828 131 899 169 OF
927 130 1138 168 SENECA

172 228 240 275 qui
269 224 418 260 diutius
446 224 556 266 vixit,
577 233 697 270 quem
725 220 858 256 nullus
887 221 1066 255 avocavit
1094 217 1219 263 dolor,
1243 230 1362 268 quam

171 278 252 321 ille,
282 279 348 326 qui
379 289 467 313 cum
497 274 600 311 mala
628 273 787 311 fortuna
825 286 982 322 semper
1018 272 1192 309 luctatus
1231 271 1361 308 est?”

175 330 384 380 Responde
404 329 525 366 mihi:
555 327 750 378 numquid
767 332 808 364 et
828 327 968 364 melior
987 331 1049 363 est
1069 331 1111 362 et
1131 325 1362 362 honestior?

173 384 213 421 Si
243 384 340 421 haec
369 396 450 420 non
479 387 585 428 sunt,
614 395 665 418 ne
695 382 849 418 beatior
876 380 1039 430 quidem
1068 385 1140 416 est.
1202 379 1363 416 Rectius

172 441 277 474 vivat
297 442 469 487 oportet,
489 442 535 473 ut
556 437 709 472 beatius
730 438 835 471 vivat
854 448 862 479 ;
892 437 922 470 si
949 437 1095 470 rectius
1116 447 1196 470 non
1216 438 1363 482 potest,

172 505 222 528 ne
243 492 398 528 beatius
424 489 616 540 quidem.l
674 489 765 525 Non
788 488 1014 525 intenditur
1039 491 1176 533 virtus,
1196 500 1291 536 ergo
1310 499 1362 523 ne

173 546 289 583 beata
309 544 470 594 quidem
487 547 580 588 vita,
602 556 703 593 quae
730 556 779 580 ex
800 546 947 579 virtute
969 547 1040 578 est.
1100 541 1235 578 Virtus
1256 543 1364 578 enim

171 604 329 636 tantum
349 599 498 635 bonum
528 602 601 642 est,
623 602 667 633 ut
690 599 785 634 istas
814 598 1060 633 accessiones
1090 598 1262 631 minutas
1282 608 1364 631 non

171 656 331 698 sentiat,
369 653 609 688 brevitatem
646 653 731 687 aevi
770 655 811 687 et
850 650 1028 686 dolorem
1070 654 1112 686 et
1157 662 1363 698 corporum

172 710 294 743 varias
323 705 570 743 offensiones.
631 705 731 741 Nam
761 704 942 753 voluptas
971 717 1051 739 non
1072 707 1133 740 est
1159 703 1293 752 digna,
1313 702 1364 739 ad

104 763 151 799 25
171 774 290 810 quam
327 762 522 809 respiciat.
582 758 690 803 Quid
725 763 785 795 est
823 761 863 794 in
893 760 1041 794 virtute
1075 758 1365 806 praecipuum?

173 815 322 851 Futuro
345 827 426 850 non
464 812 644 861 indigere
683 825 758 849 nec
795 812 881 848 dies
914 824 1004 848 suos
1033 815 1289 860 computare3
1323 813 1363 846 in

172 868 365 917 quantulo
403 867 502 903 libet
540 872 720 915 tempore
759 866 863 902 bona
900 870 1064 902 aeterna
1102 869 1360 901 consummat.

174 921 427 958 Incredibilia
446 921 559 957 nobis
588 920 687 957 haec
716 919 905 956 videntur
933 924 975 956 et
1004 932 1120 968 supra
1150 917 1361 954 humanam

172 981 353 1012 naturam
401 977 661 1012 excurrentia.
731 974 986 1010 Maiestatem
1034 975 1141 1009 enim
1189 975 1272 1008 eius
1315 985 1364 1008 ex

172 1034 305 1066 nostra
324 1028 587 1065 inbecillitate
613 1031 802 1065 metimur
817 1027 832 1050 2
853 1032 894 1064 et
921 1029 1026 1064 vitiis
1053 1029 1197 1063 nostris
1216 1039 1364 1062 nomen

172 1086 328 1120 virtutis
366 1085 602 1131 inponimus.
662 1081 770 1128 Quid
805 1082 948 1131 porro?
1004 1081 1095 1117 Non
1133 1093 1261 1129 aeque
1305 1082 1364 1116 in-

172 1137 361 1174 credibile
404 1136 562 1173 videtur
607 1135 781 1185 aliquem
828 1138 869 1171 in
917 1137 1078 1171 summis
1126 1133 1364 1170 cruciatibus

173 1194 345 1239 positum
383 1190 514 1226 dicere
555 1194 578 1210 “
592 1191 733 1226 beatus
772 1189 925 1225 sum'’?
990 1189 1115 1238 Atqui
1154 1187 1251 1224 haec
1290 1200 1364 1224 vox

172 1248 213 1280 in
228 1247 311 1293 ipsa
327 1244 479 1280 officina
495 1243 709 1292 voluptatis
729 1243 865 1279 audita
881 1247 952 1279 est.
1006 1246 1030 1263 “
1046 1241 1364 1286 Beatissimum,”

171 1300 315 1347 inquit,
345 1297 488 1333 “hunc
527 1302 568 1333 et
598 1296 703 1333 hunc
741 1296 849 1333 diem
887 1296 996 1345 ago“
1038 1296 1245 1345 Epicurus,
1275 1308 1363 1331 cum

172 1351 284 1387 illum
313 1351 406 1387 hinc
439 1353 573 1387 urinae
602 1350 811 1386 difficultas
840 1354 1058 1399 torqueret,
1089 1349 1181 1385 hinc
1210 1352 1364 1385 insana-

104 1406 152 1443 26
173 1405 260 1441 bilis
277 1404 493 1441 exulcerati
509 1404 621 1440 dolor
636 1407 794 1440 ventris.
855 1403 988 1449 Quare
1005 1416 1099 1452 ergo
1119 1403 1366 1439 incredibilia

173 1462 246 1495 ista
273 1461 352 1495 sint
378 1463 475 1507 aput
505 1471 584 1503 eos,
605 1461 672 1507 qui
702 1460 892 1494 virtutem
922 1457 1071 1502 colunt,
1092 1456 1239 1506 quom3
1267 1461 1365 1506 aput

173 1526 240 1549 eos
254 1525 410 1562 quoque
424 1512 703 1561 1·eperiantu1·,4
711 1517 807 1561 aput
822 1525 919 1561 quos
932 1511 1115 1560 voluptas
1128 1513 1338 1560 imperavit
1352 1511 1366 1546 ?

176 1567 232 1602 Hi
252 1579 410 1616 quoque
431 1565 653 1615 degeneres
683 1570 724 1602 et
754 1565 1001 1602 humillimae
1025 1567 1171 1601 mentis
1191 1567 1305 1601 aiunt
1324 1567 1365 1600 in

173 1622 334 1657 summis
355 1619 567 1665 doloribus,
588 1623 627 1656 in
650 1623 810 1656 summis
832 1619 1122 1656 calamitatibus
1143 1621 1364 1668 sapientem

238 1705 249 1725 ¹
272 1717 313 1738 ‘ne
330 1705 456 1737 beatius
473 1706 605 1748 quidem
623 1705 711 1737 later
727 1704 829 1738 MSS.
849 1719 857 1741 z
882 1717 920 1737 ne
938 1706 1052 1737 beatus
1091 1704 1199 1737 uidem
1220 1703 1293 1736 BA.

395 1748 409 1767 '2
432 1749 590 1780 metimur
605 1748 693 1780 later
711 1748 813 1781 MSS.
832 1762 840 1784 ς
866 1749 1049 1781 mentimur
1094 1748 1140 1780 A.

459 1791 471 1811 3
494 1803 593 1834 quom
610 1792 652 1824 O.
676 1791 859 1824 Rossbach
878 1805 886 1828 ;
910 1803 985 1824 cnm
1004 1791 1078 1824 BA.

354 1835 366 1853 ⁴
390 1836 608 1876 reperiantur
623 1835 711 1867 later
728 1834 833 1868 MSS.
851 1849 860 1872 ;
883 1835 1089 1877 aperiantur
1106 1833 1180 1867 BA.

228 1936 241 1948 ‘¹
269 1929 320 1969 Cf.
346 1928 410 1970 Ep.
431 1929 510 1961 lxxi.
534 1932 657 1960 1611012
685 1929 876 1962 intenditur
898 1930 1017 1962 virtus.
1066 1929 1141 1961 The
1165 1928 1262 1962 Stoic
1286 1928 1365 1961 idea

175 1972 214 2003 of
235 1972 364 2003 revision
380 1982 462 2014 may
480 1972 523 2003 be
540 1972 728 2004 combined
752 1973 835 2005 here
852 1973 936 2005 with
960 1973 1021 2005 the
1037 1974 1169 2014 raising
1184 1972 1225 2004 of
1244 1983 1265 2004 a
1282 1974 1364 2004 note

176 2018 212 2047 to
229 2025 249 2046 a
265 2014 390 2056 hig-her
407 2015 516 2057 pitch.

228 2059 240 2077 ⁶
264 2057 366 2099 Frag.
389 2060 448 2090 138
466 2058 615 2091 Usener.
667 2059 719 2101 Cf.
740 2058 821 2092 Sen.
842 2059 910 2101 Ep.
930 2059 1010 2093 lxvi.
1031 2062 1082 2093 47.

176 2108 253 2147 462
