1434 2333
400 94 514 130 THE
545 89 800 129 EPISTLES
831 89 903 126 OF
932 87 1143 126 SENECA

183 188 325 221 teriora
347 183 563 232 perveniat.
623 178 663 216 Si
684 191 755 228 per
779 191 820 215 se
845 181 922 215 iret
945 177 994 214 ad
1016 189 1167 222 verum,
1187 179 1218 212 si
1247 178 1371 213 totius

184 237 322 274 numdi
341 240 522 271 naturam
543 237 678 282 posset
698 231 984 281 conprendere,
1005 230 1179 266 dicerem
1199 229 1371 266 multum

184 290 428 328 conlaturam
442 287 644 324 mentibus
660 289 817 330 nostris,
833 297 934 334 quae
951 288 1123 320 tractatu
1140 283 1371 335 caelestium

185 347 367 381 crescunt
396 341 641 390 trahuntque
671 339 822 389 aliquid
852 352 900 375 ex
929 338 1039 375 alto.l
1098 336 1188 376 Una
1213 350 1256 373 re
1281 349 1374 372 con-

185 401 403 435 summatur
449 398 616 439 animus,
650 395 817 430 scientia
858 393 1052 429 bonorum
1092 406 1136 429 ac
1181 390 1373 428 malorum

186 449 436 492 inmutabili3
470 447 597 484 nihil2
628 452 763 483 autem
798 446 879 483 ulla
912 459 973 482 ars
1002 446 1078 482 alia
1107 446 1157 483 de
1187 446 1300 482 bonis
1330 457 1375 479 ac

187 504 298 541 malis
319 505 484 553 quaerit.

119 565 166 602 29
254 556 437 606 Singulas
481 555 620 592 lubet3
665 556 870 590 circumire
912 556 1090 590 w'rtutes.
1169 550 1376 588 Fortitudo

188 613 455 660 contemptrix
476 608 744 645 timendorum
765 612 849 651 est;
875 607 1067 644 terribilia
1086 612 1129 644 et
1148 607 1220 643 sub
1240 608 1378 655 iugum

188 666 417 702 libertatem
468 668 642 699 nostram
691 664 895 698 mittentia
947 661 1130 710 despicit,
1178 663 1378 709 provocat,

189 719 347 767 frangit.
408 716 611 765 Numquid
645 728 740 764 ergo
773 715 875 750 hanc
914 715 1090 752 liberalia
1128 714 1260 751 studia
1297 725 1380 748 cor-

189 772 406 809 roborant?
493 769 610 806 Fides
660 771 951 805 sanctissimum
998 768 1161 805 humani
1208 768 1379 816 pectoris

190 827 339 862 bonum
368 829 442 869 est,
469 823 577 860 nulla
606 825 845 859 necessitate
879 822 930 858 ad
963 822 1184 859 fallendum
1213 823 1380 869 cogitur,

191 879 301 916 nullo
329 880 591 926 corrumpitur
614 879 798 925 praemio.
859 879 883 896 ‘⁶
898 876 1016 921 Ure,''
1043 878 1187 925 inquit,
1208 878 1231 895 ‘⁶
1245 873 1382 919 caede,

193 933 353 975 occide;
381 944 462 968 non
488 931 665 980 prodam,
686 930 755 966 sed
783 942 861 979 quo
887 932 1013 979 magis
1041 934 1194 966 secreta
1217 931 1383 977 quaeret

193 987 316 1031 dolor,
346 985 420 1021 hoc
454 985 521 1020 illa
554 984 672 1020 altius
701 983 907 1019 condam.”
966 982 1172 1032 Numquid
1206 980 1383 1018 liberalia

194 1040 325 1076 studia
362 1039 434 1075 hos
471 1041 622 1074 animos
660 1037 790 1074 facere
833 1037 1028 1086 possunt?
1103 1036 1385 1085 Temperantia

194 1093 465 1143 voluptatibus
499 1095 682 1141 imperat,
716 1091 810 1127 alias
843 1090 929 1127 odit
962 1096 1084 1140 atque
1117 1090 1256 1139 abigit,
1289 1088 1385 1125 alias

195 1148 399 1196 dispensat
423 1151 463 1182 et
491 1145 540 1182 ad
568 1157 706 1181 sanum
732 1144 894 1180 modum
920 1144 1068 1193 redigit
1094 1157 1168 1181 nec
1198 1155 1386 1192 umquam

196 1201 245 1237 ad
283 1201 369 1236 illas
407 1204 570 1248 propter
607 1201 709 1247 ipsas
748 1201 868 1234 venit.
945 1197 1029 1234 Scit
1066 1200 1262 1247 optimum
1300 1208 1386 1233 esse

197 1254 359 1290 modum
386 1255 610 1302 cupitorum
636 1264 717 1287 non
744 1256 937 1301 quantum
964 1251 1076 1297 velis,
1097 1251 1166 1288 sed
1191 1255 1385 1300 quantum

128 1315 178 1351 30
198 1308 344 1344 debeas
378 1319 543 1343 sumere.
618 1305 859 1341 Humanitas
897 1310 1009 1341 vetat
1047 1304 1261 1354 superbum
1300 1316 1386 1340 esse

197 1361 383 1398 adversus
421 1362 558 1404 socios,
592 1363 703 1396 vetat
739 1371 909 1394 avarum.
969 1359 1122 1403 Verbis,
1156 1358 1287 1403 rebus,
1320 1356 1388 1393 ad-

199 1414 369 1452 fectibus
408 1413 589 1449 comem4
624 1426 664 1449 se
703 1412 940 1461 facilemque
979 1413 1161 1448 omnibus
1200 1415 1385 1461 praestat.

200 1468 364 1504 Nullum
385 1467 559 1504 alienum
579 1466 728 1502 malum
752 1471 878 1515 putat.
938 1466 1092 1502 Bonum
1118 1470 1254 1502 autem
1275 1477 1388 1501 suum

199 1522 290 1558 ideo
322 1524 506 1565 maxime,
536 1520 642 1570 quod
676 1520 793 1556 alicui
826 1520 930 1556 bono
959 1519 1138 1556 futurum
1167 1524 1241 1564 est,
1270 1523 1387 1554 amat.

202 1575 405 1625 Numquid
449 1574 624 1610 liberalia
668 1573 797 1610 studia
836 1573 907 1609 hos
946 1586 1074 1610 mores
1112 1572 1390 1622 praecipiunt?

468 1677 477 1695 1
503 1676 573 1708 alto
590 1675 723 1708 Gruter
739 1687 744 1713 ;
770 1675 839 1708 alio
855 1674 942 1713 VP;
966 1676 1080 1718 aliquo
1097 1675 1131 1708 b.

254 1720 266 1739 2
291 1720 418 1752 Before
451 1719 535 1751 nihil
567 1719 655 1750 later
692 1717 793 1751 MSS.
829 1720 909 1759 give
948 1729 1032 1760 quae
1065 1718 1130 1751 30Ζί
1155 1718 1392 1760 philosophiae

202 1764 348 1806 conpetit
362 1777 371 1801 3
395 1774 464 1795 om.
484 1763 532 1804 by
549 1762 610 1794 the
627 1762 743 1793 better
760 1760 863 1794 MSS.

513 1805 525 1824 ³
549 1805 637 1837 Iubet
654 1804 838 1842 Muretus;
863 1804 959 1836 habet
974 1804 1072 1837 VPb.

417 1849 429 1868 4
454 1859 576 1881 comem
593 1848 681 1880 later
697 1847 799 1881 MSS.
814 1861 823 1884 ς
848 1858 1054 1879 communem
1072 1846 1169 1879 VPb.

587 1965 600 1978 ‘¹
627 1958 764 2000 Except
779 1957 1003 2000 philosophy.

236 2005 248 2023 ὃ
274 2004 341 2040 i.e.‚
360 2004 394 2034 in
411 2002 472 2035 the
489 2012 585 2034 more
602 2001 805 2044 commonly
821 2001 992 2043 accepted
1008 2011 1111 2034 sense
1128 2000 1169 2033 of
1181 1999 1242 2033 the
1258 2002 1360 2033 term.

206 2053 281 2092 366
