1434 2333
370 126 485 162 THE
516 125 768 163 EPISTLES
799 125 869 162 OF
898 126 1107 163 SENECA

147 213 308 257 iudicat,
338 216 429 262 quia
460 213 584 250 multa
612 214 862 250 incommoda
889 217 1002 250 iustis
1030 216 1120 250 viris
1149 213 1334 250 accidunt

148 277 190 308 et
215 275 319 320 quia,
339 272 528 321 quicquid
553 273 666 308 nobis
692 273 817 318 dedit,
838 273 957 310 breve
978 278 1040 310 est
1066 278 1108 310 et
1134 275 1334 322 exiguum,

149 334 179 366 si
200 343 402 379 compares
423 331 561 367 mundi
581 334 704 368 totius
724 345 830 368 aevo.

216 389 275 425 Ex
296 389 369 425 hac
389 389 662 439 deploratione
683 393 869 436 nascitur,
886 395 931 428 ut
949 393 1094 440 ingrati
1115 390 1337 427 divinorum

149 450 388 497 interpretes
409 452 551 493 simus;
581 452 794 498 querimur,
815 449 921 499 quod
941 463 1021 485 non
1043 462 1210 498 semper,
1231 448 1338 498 quod

150 512 191 543 et
208 520 331 556 pauca
345 508 458 543 nobis
474 513 515 544 et
534 510 686 544 incerta
706 513 747 545 et
762 509 916 545 abitura
932 512 1177 558 contingant.
1239 507 1337 544 Inde

150 571 223 611 est,
253 566 359 616 quod
392 579 467 603 nec
496 570 625 603 vivere
660 580 733 604 nec
767 571 865 604 mori
893 567 1096 611 volumus;
1135 570 1238 603 vitae
1268 579 1339 602 nos

149 626 285 662 odium
318 631 446 671 tenet,
476 628 594 662 timor
622 629 768 663 mortis.
830 626 953 663 Natat
986 640 1103 663 omne
1133 625 1338 662 consilium

150 698 225 721 nec
254 685 406 733 inplere
437 698 507 721 nos
536 685 616 721 ulla
646 685 813 721 felicitas
848 690 991 735 potest.
1051 686 1176 722 Causa
1204 690 1339 721 autem

152 749 226 789 est,
246 744 353 793 quod
379 757 459 779 non
485 747 736 793 pervenimus
756 744 806 780 ad
827 744 926 781 illud
947 745 1095 781 bonum
1115 747 1339 781 inmensum

153 808 194 840 et
240 803 519 851 insuperabile,
558 803 625 839 ubi
664 816 826 840 necesse
864 809 925 840 est
963 807 1121 841 resistat
1160 803 1340 840 voluntas

85 855 131 891 12
152 867 298 907 nostra,
319 864 410 911 quia
430 861 535 897 ultra
554 875 750 898 summum
765 863 777 885 1
798 875 878 898 non
898 868 959 899 est
981 863 1100 899 locus.
1161 862 1341 908 Quaeris,

153 934 273 970 quare
294 924 416 957 virtus
437 920 546 956 nullo
567 926 685 969 egeat
702 923 716 957 ?
775 921 1051 958 Praesentibus
1078 921 1241 971 gaudet,
1261 933 1342 956 non

154 983 397 1029 concupiscit
434 980 624 1016 absentia.
686 980 794 1016 Nihil
833 994 913 1016 non
950 980 1007 1016 illi
1045 993 1233 1030 magnum
1268 984 1342 1025 est,

154 1039 260 1089 quod
282 1042 385 1076 satis.

223 1098 287 1134 Ab
325 1097 399 1133 hoc
437 1097 598 1134 discede
637 1098 806 1141 iudicio;
853 1112 933 1134 non
972 1101 1099 1147 pietas
1134 1097 1344 1141 constabit,

157 1170 237 1194 non
258 1157 365 1193 fides.
427 1156 556 1193 Multa
576 1160 682 1193 enim
709 1162 917 1207 utramque
948 1162 1146 1206 praestare
1167 1159 1344 1205 cupienti

158 1216 346 1265 patienda
385 1221 477 1252 sunt
516 1229 563 1252 ex
602 1218 661 1260 iis,
690 1229 791 1265 quae
830 1216 931 1253 mala
968 1221 1182 1259 vocantur;
1219 1214 1346 1251 multa

158 1274 414 1324 inpendenda
460 1287 508 1311 ex
555 1277 614 1320 iis,
658 1275 799 1324 quibus
846 1274 1100 1323 indulgemus
1143 1280 1345 1323 tamquam

91 1331 138 1368 13
159 1335 282 1370 bonis.
343 1333 449 1370 Perit
470 1333 675 1378 fortitudo,
696 1346 797 1383 quae
824 1333 1043 1382 periculum
1067 1334 1196 1370 facere
1223 1333 1347 1369 debet

159 1396 242 1437 sui3
280 1395 382 1441 perit
411 1395 728 1441 magnanimitas,
758 1405 858 1442 quae
887 1405 967 1428 non
997 1397 1130 1441 potest
1159 1395 1347 1436 eminere,

160 1455 235 1489 nisi
281 1454 412 1487 omnia
464 1451 574 1487 velut
625 1454 778 1488 minuta
825 1454 1079 1501 contempsit,
1126 1464 1226 1500 quae
1278 1463 1348 1500 pro

162 1514 340 1548 maximis
353 1510 368 1533 ‘2
384 1510 521 1559 volgus
537 1515 650 1559 optat
665 1523 673 1553 ;
702 1513 806 1559 perit
826 1514 951 1559 gratia
968 1516 1009 1547 et
1030 1510 1169 1547 relatio
1184 1513 1348 1560 gratiae,

162 1574 192 1607 si
231 1573 417 1606 timemus
459 1568 665 1614 laborem,3
703 1572 733 1604 si
771 1572 981 1618 quicquam
1024 1572 1233 1618 pretiosius
1271 1568 1349 1605 fide

162 1632 355 1673 novimus,
376 1631 406 1664 si
427 1641 505 1663 non
526 1630 675 1677 optima
695 1633 928 1676 spectamus.

95 1681 143 1716 14
231 1688 310 1725 Sed
340 1692 383 1723 ut
413 1687 479 1722 illa
512 1691 771 1735 praeteream,
801 1692 870 1723 aut
898 1690 973 1723 ista
1005 1687 1107 1723 bona
1136 1699 1215 1722 non
1245 1691 1351 1731 sunt,

81 379 124 415 11

377 1774 387 1792 ¹
410 1784 580 1805 summum
596 1773 685 1804 later
702 1771 803 1805 MSS.
821 1785 830 1809 ;
853 1783 1018 1804 summam
1029 1771 1136 1821 ⁸VPb.

343 1816 356 1835 ²
375 1828 442 1877 W?
458 1814 836 1891 {ztg'ssssssffffiffss}
846 1829 863 1895 ξ
879 1814 1101 1890 123332·31²'⁷<³r‘“1⁹>ff
1106 1814 1168 1847 Pb·

219 1952 232 1965 ‘¹
257 1945 341 1976 This
365 1944 494 1986 phrase
517 1944 641 1975 recalls
664 1944 725 1975 the
749 1943 824 1975 title
847 1943 887 1975 of
907 1953 974 1974 one
997 1943 1038 1974 of
1057 1942 1222 1974 Seneca's
1243 1942 1354 1984 philo-

167 1988 323 2029 sophical
340 1998 462 2029 essays
478 2001 485 2019 :
511 1987 561 2018 De
577 1987 815 2022 Providentia,
832 1997 871 2018 or
889 1986 1001 2025 Quare
1017 1986 1125 2018 Bonis
1146 1985 1237 2018 Viris
1252 1985 1351 2018 Maza

172 2031 339 2063 Accidunt
357 2042 431 2062 cam
447 2031 490 2062 sit
506 2030 742 2062 Providentia.

172 2088 245 2119 120
