1434 2333
363 106 478 142 THE
508 103 762 142 EPISTLES
793 102 863 139 OF
893 101 1103 140 SENECA

141 199 183 230 et
215 193 402 243 quicquid
437 192 598 237 excidit,
632 192 682 228 ad
716 191 878 228 eosdem
911 191 1054 228 dentes
1092 190 1227 239 lingua
1265 202 1324 225 re-

141 268 288 310 fertum
332 272 427 303 tunc
462 280 553 303 vero
587 269 787 311 miscetur,
823 270 866 301 ut
900 265 1052 301 facilius
1091 277 1161 313 per
1193 263 1327 300 fauces

140 342 308 377 lubricas
328 345 514 377 transeat.
573 340 672 376 Cum
692 342 875 389 pervenit
898 342 938 375 in
958 343 1153 384 ventrem,
1173 337 1328 387 aequali

142 418 224 451 eius
246 414 398 450 fervore
419 416 688 463 concoquitur,
705 418 801 449 tunc
817 413 979 449 demum
995 415 1145 462 corpori
1161 411 1326 448 accedit.

77 485 123 521 23
145 484 234 521 Hoc
281 485 421 533 aliquis
468 488 627 520 secutus
677 483 880 532 exemplar
926 483 1099 533 lapidem
1147 494 1329 531 asperum

143 571 280 606 aspero
314 560 489 606 inposuit
522 557 572 593 ad
604 556 905 593 similitudinem
939 556 1134 601 dentium,
1163 568 1329 605 quorum

145 645 232 681 pars
270 630 482 667 immobilis
520 635 672 666 motum
710 631 873 667 alterius
912 635 1142 679 exspectat3
1185 629 1331 666 deinde

148 708 350 754 utriusque
379 707 519 740 attritu
551 717 673 752 grana
701 703 938 753 franguntur
964 709 1006 741 et
1035 706 1190 753 saepius
1220 716 1333 752 rege-

145 783 298 823 runtur,
312 777 439 813 donec
452 777 502 813 ad
514 779 723 812 minutiam
738 776 969 826 frequenter
982 780 1076 814 trita
1088 777 1331 826 redigantur.

147 851 248 887 Tum
269 850 434 886 farinam
454 863 555 899 aqua
576 853 716 898 sparsit
737 855 778 886 et
797 850 960 886 adsidua
988 853 1224 886 tractatione
1246 863 1333 899 per-

147 923 301 959 domuit
322 923 513 972 finxitque
538 935 695 971 panem,
715 936 833 972 quem
858 925 984 972 primo
1005 926 1102 960 cinis
1122 923 1272 960 calidus
1293 928 1333 960 et

149 998 305 1034 fervens
328 1001 431 1033 testa
459 999 650 1045 percoxit,
671 996 817 1033 deinde
842 997 947 1032 furni
970 996 1161 1045 paulatim
1187 999 1335 1046 reperti

149 1077 189 1108 et
210 1071 285 1107 alia
304 1084 464 1119 genera,
481 1083 647 1120 quorum
664 1070 793 1106 fervor
809 1073 972 1107 serviret
988 1070 1187 1107 arbitrio.’'
1244 1070 1335 1106 Non

149 1144 321 1180 multum
359 1143 471 1188 afuit,
506 1146 601 1192 quin
640 1146 833 1180 sutrinum
872 1157 1029 1193 quoque
1068 1147 1277 1180 inventum
1315 1158 1336 1179 a

150 1218 394 1266 sapientibus
415 1217 576 1253 diceret.

83 1293 131 1328 24
218 1290 363 1327 Omnia
382 1293 456 1326 ista
477 1292 577 1326 ratio
597 1289 772 1339 quidem,
794 1290 864 1326 sed
884 1303 964 1326 non
984 1296 1091 1327 recta
1112 1293 1211 1327 ratio
1232 1303 1335 1326 com-

152 1368 286 1400 menta
321 1368 391 1399 est.
455 1363 637 1398 Hominis
676 1366 795 1408 enim,
829 1376 908 1400 non
948 1367 1137 1413 sapientis
1174 1367 1337 1401 inventa

151 1441 257 1481 sunt,
291 1441 372 1472 tam
407 1435 653 1473 mehercules
687 1449 804 1485 quam
834 1439 1002 1485 navigia,
1032 1438 1174 1487 quibus
1201 1450 1338 1474 amnes

152 1510 373 1558 quibusque
408 1512 527 1544 maria
561 1511 772 1546 transimus
805 1513 951 1559 aptatis
979 1510 1029 1546 ad
1059 1511 1338 1560 excipiendum

153 1588 360 1620 ventorum
395 1586 590 1632 impetum
625 1583 721 1619 velis
756 1588 798 1620 et
826 1583 972 1620 additis
1001 1598 1023 1620 a
1052 1590 1167 1634 tergo
1195 1585 1339 1633 guber-

154 1657 316 1702 naculiS,
345 1669 446 1705 quae
485 1655 562 1692 huc
591 1661 712 1705 atque
751 1656 844 1693 illuc
879 1670 1035 1694 cursum
1074 1661 1219 1707 navigii
1259 1663 1338 1693 tor-

154 1735 313 1780 queant.
365 1730 604 1779 Exemplum
619 1744 641 1766 a
657 1731 828 1779 piscibus
850 1736 1021 1768 tractum
1037 1737 1111 1778 est,
1129 1735 1196 1781 qui
1216 1732 1340 1768 cauda

154 1809 348 1852 reguntur
368 1808 409 1839 et
429 1803 506 1840 levi
527 1806 610 1840 eius
631 1806 671 1839 in
693 1809 905 1854 utrumque
929 1811 1134 1842 momento
1154 1805 1340 1842 velocita-

88 1880 136 1915 25
155 1882 238 1913 tem
259 1889 367 1912 suam
388 1875 564 1913 flectunt.
624 1881 647 1897 “
662 1876 843 1923 Omnia,'’
866 1881 1008 1928 inquit,
1029 1883 1053 1899 “
1066 1878 1164 1915 haec
1186 1881 1342 1928 sapiens

157 1949 317 1998 quidem
338 1952 514 1992 invenit3
544 1950 613 1986 sed
638 1953 788 1987 minora
814 1964 931 2001 quam
958 1957 1002 1988 ut
1029 1955 1113 2002 ipse
1138 1957 1341 1998 tractaret,

158 2058 234 2088 412>
