1434 2333
419 119 535 155 THE
565 118 816 156 EPISTLES
847 118 917 155 OF
946 118 1155 155 SENECA

196 219 400 256 generare,
421 212 466 242 ut
491 206 684 256 adprobet
711 210 898 243 virtutem
921 209 1027 243 omni
1056 206 1141 242 loco
1165 208 1281 242 nasci.
1340 204 1380 239 Si

197 273 332 317 posset
363 281 435 317 per
468 281 509 305 se
543 268 669 305 nudos
702 268 820 305 edere
853 272 1017 314 animos,
1046 268 1228 311 fecisset3
1262 279 1380 310 nunc,

198 329 305 379 quod
337 330 506 379 amplius
540 335 614 375 est,
648 330 766 374 facit3
809 331 997 380 quosdam
1037 333 1142 367 enim
1177 330 1262 366 edit
1299 341 1382 364 cor-

199 392 357 440 poribus
404 392 616 441 inpeditos,
663 392 733 429 sed
779 392 1032 429 nihilominus
1079 396 1381 441 perrumpentes

160 449 182 485 4
199 454 407 490 obstantia.
467 453 653 490 Claranus
668 453 765 490 mihi
781 454 938 491 videtur
957 457 998 490 in
1018 454 1219 503 exemplar
1239 453 1381 496 editus,

200 520 245 552 ut
274 518 371 552 scire
405 528 606 564 possemus
635 529 715 552 non
748 516 1000 553 deformitate
1030 518 1200 565 corporis
1233 514 1382 551 foedari

199 580 388 622 animum,
409 577 478 614 sed
499 577 796 627 pulchritudine
815 581 936 614 animi
956 591 1094 627 corpus
1114 580 1251 613 ornari.

266 639 455 685 Quamvis
487 645 623 676 autem
656 643 907 689 paucissimos
938 654 1015 676 una
1043 640 1252 676 fecerimus
1286 639 1382 683 dies,

202 706 337 738 tamen
366 702 482 738 multi
515 702 628 737 nobis
657 715 856 738 sermones
886 701 1059 747 fuerunt,
1089 715 1186 751 quos
1215 701 1380 738 subinde

161 766 183 801 5
202 777 361 813 egeram
382 769 423 800 et
443 764 493 800 ad
519 768 560 800 te
587 766 826 812 permittam.
887 764 976 800 Hoc
1000 767 1125 812 primo
1145 764 1210 800 die
1230 766 1381 813 quaesi-

202 831 288 862 tum
327 831 410 862 est:
462 826 659 875 quomodo
702 828 853 874 possint
900 826 1032 874 paria1
1071 827 1174 862 bona
1216 839 1313 870 esse,
1352 829 1381 861 si

201 888 347 936 triplex
385 900 521 924 eorum
558 887 736 923 condicio
769 893 840 924 est.
907 886 1126 933 Quaedam,
1160 892 1204 924 ut
1241 891 1383 924 nostris

202 949 372 994 videtur,
402 953 526 998 prima
560 950 662 985 bona
695 954 799 994 sunt,
829 955 1030 999 tamquam
1061 949 1261 999 gaudium,
1295 964 1383 998 pax,

203 1011 304 1047 salus
333 1014 508 1060 patriae;
537 1011 731 1060 quaedam
760 1011 945 1056 secunda,
974 1014 1015 1047 in
1042 1014 1207 1048 materia
1235 1011 1382 1047 infelici

203 1086 399 1122 expressa,
437 1078 637 1122 tamquam
684 1078 971 1109 tormentorum
1018 1076 1210 1122 patientia
1257 1079 1297 1110 et
1344 1077 1383 1109 in

203 1136 340 1171 morbo
359 1137 466 1184 gravi
493 1137 767 1184 temperantia.
827 1135 900 1170 Illa
926 1135 1029 1171 bona
1051 1135 1212 1172 derecto
1232 1137 1382 1184 optabi-

204 1211 290 1233 mus
310 1198 434 1241 nobis,
454 1196 566 1242 haec,
587 1199 618 1232 si
644 1209 806 1233 necesse
833 1199 917 1233 erit.
977 1196 1078 1233 Sunt
1097 1197 1226 1233 adhuc
1254 1201 1383 1243 tertia,

204 1265 405 1309 tamquam
432 1259 634 1295 modestus
659 1261 832 1295 incessus
860 1264 901 1295 et
927 1261 1152 1307 conpositus
1172 1272 1217 1295 ac
1241 1261 1382 1309 probus

166 1327 187 1362 6
204 1322 332 1358 voltus
349 1326 390 1357 et
411 1323 649 1357 conveniens
670 1320 855 1369 prudenti
870 1323 951 1356 viro
971 1325 1115 1369 gestus.
1176 1320 1382 1366 Quomodo

204 1387 280 1420 ista
308 1386 412 1419 inter
440 1395 481 1419 se
511 1383 643 1431 paria1
675 1395 759 1419 esse
790 1387 966 1431 possunt,
990 1396 1079 1418 cum
1107 1383 1183 1419 alia
1211 1385 1381 1432 optanda

205 1449 296 1490 sint,
312 1445 387 1481 alia
406 1444 619 1481 aversanda
636 1445 650 1480 ?
706 1444 746 1481 Si
766 1444 942 1481 volumus
962 1447 1037 1481 ista
1056 1444 1314 1494 distinguere,
1334 1447 1382 1483 ad

205 1511 374 1557 primum
400 1507 547 1543 bonum
567 1511 809 1542 revertamur
828 1511 869 1542 et
895 1506 1186 1542 consideremus
1206 1507 1246 1543 id
1269 1509 1382 1557 quale

206 1572 279 1606 sit:
321 1571 474 1604 animus
511 1571 671 1604 intuens
709 1580 812 1611 vera,
845 1570 994 1616 peritus
1027 1567 1305 1616 fugiendorum
1339 1585 1381 1607 ac

444 1653 454 1672 1
475 1653 582 1695 paria
597 1653 658 1684 the
674 1652 761 1684 later
778 1651 882 1685 MSS.
898 1666 907 1689 ς
932 1653 1001 1684 tria
1017 1652 1141 1694 pVPb·

258 1762 272 1775 ¹¹
297 1754 432 1787 Seneca
448 1755 476 1786 is
493 1757 554 1786 not
571 1753 744 1796 speaking
756 1754 838 1785 here
853 1753 893 1785 of
905 1753 965 1785 the
980 1753 1079 1785 three
1095 1756 1236 1795 generic
1253 1757 1381 1788 virtues

206 1797 391 1840 (physical⁹
409 1797 548 1832 ethical,
568 1797 717 1838 logical),
741 1807 803 1828 nor
825 1796 865 1828 of
885 1796 944 1827 the
966 1796 1066 1828 three
1089 1796 1193 1829 kinds
1213 1798 1253 1828 of
1273 1799 1382 1839 goods

205 1841 331 1882 (based
353 1851 398 1872 on
426 1840 544 1882 bodily
568 1840 781 1881 advantage)
803 1839 915 1871 which
940 1850 1029 1870 were
1052 1839 1225 1871 classified
1254 1841 1301 1882 by
1324 1842 1383 1873 the

208 1885 419 1925 Peripatetic
442 1883 586 1919 school;
616 1883 660 1914 he
684 1885 711 1914 is
734 1883 817 1923 only
840 1882 1013 1924 speaking
1037 1882 1078 1913 of
1103 1882 1203 1914 three
1230 1887 1320 1916 sorts
1347 1886 1385 1915 of

207 1929 480 1959 circumstances
507 1926 619 1957 under
644 1926 756 1957 which
783 1925 844 1957 the
869 1925 963 1966 good
989 1936 1055 1957 can
1082 1926 1249 1958 manifest
1275 1928 1378 1960 itself.

208 1970 291 2002 And
308 1972 343 2001 in
359 1972 392 2008 ἓξ
407 1971 448 2000 36
465 1969 500 2002 ff.
520 1969 563 2001 he
580 1969 694 2001 shows
715 1969 793 2000 that
814 1968 857 1999 he
878 1967 1020 2009 regards
1042 1968 1124 2009 only
1142 1968 1201 2000 the
1218 1969 1292 2002 first
1314 1974 1381 2003 two

207 2013 337 2045 classes
354 2023 392 2044 as
409 2012 480 2044 real
495 2012 616 2054 goods.
665 2011 731 2044 See
747 2011 865 2048 ZeUer,
885 2011 1001 2048 Stoics,
1020 2021 1052 2052 p.
1072 2013 1145 2048 930,
1165 2022 1197 2043 n.
1217 2014 1247 2045 3.

210 2070 234 2101 4-
