1434 2333
409 96 524 133 THE
555 94 809 132 EPISTLES
840 94 911 132 OF
940 94 1151 131 SENECA

185 189 529 234 quantuscumque
574 188 648 228 est,
686 195 823 232 parere
868 185 1010 228 nescit,
1048 182 1253 219 consilium
1291 195 1371 218 non

184 246 340 292 accipit.
425 241 775 288 Quemadmodum
830 244 972 278 rationi
1023 241 1177 278 nullum
1227 241 1372 277 animal

184 307 449 351 optemperat,
478 314 558 338 non
591 300 733 346 ferum,
763 314 843 337 non
881 300 1143 337 domesticum
1182 305 1224 337 et
1262 303 1373 345 mite,

185 366 326 397 natura
365 364 472 398 enim
509 360 667 396 illorum
706 365 766 396 est
805 359 921 396 surda
960 359 1167 403 suadenti3
1210 362 1264 395 sic
1293 372 1373 395 non

185 425 387 465 secuntur,
434 433 514 456 non
561 419 730 456 audiunt
776 418 970 464 adfectus,
1018 418 1372 468 quantulicumque

185 485 287 516 sunt.
348 479 486 528 Tigres
506 478 723 527 leonesque
743 491 958 527 numquam
980 477 1182 515 feritatem
1209 482 1375 522 exuunt,

184 538 398 588 aliquando
425 540 695 581 summittunt,
723 542 764 573 et
791 551 881 573 cum
901 539 1063 573 minime
1091 539 1374 586 expectaveris,

185 602 441 646 exasperatur
466 599 629 633 torvitas
658 598 852 645 mitigata.
914 596 1140 645 Numquam
1167 596 1270 632 bona
1296 595 1374 632 fide

143 654 164 690 9
185 659 281 693 vitia
307 661 600 692 mansuescunt.
660 655 833 699 Deinde,
862 658 892 691 si
919 658 1019 691 ratio
1046 655 1212 704 proficit,
1238 668 1290 691 ne
1316 657 1374 690 in-

185 718 337 764 cipient
357 715 520 764 quidem
540 714 745 758 adfectus;
775 717 806 750 si
826 717 950 751 invita
976 717 1128 751 ratione
1157 716 1375 763 coeperint,

186 777 310 810 invita
338 774 661 823 perseverabunt.
722 773 890 809 Facilius
920 778 981 810 est
1011 776 1117 810 enim
1147 776 1259 809 initia
1288 773 1374 809 illo-

185 846 272 869 rum
293 832 503 882 prohibere
524 845 643 882 quam
663 835 859 881 impetum
878 845 1028 881 regere.
1090 832 1201 868 Falsa
1222 836 1283 868 est
1303 835 1376 868 ita-

186 905 263 942 que
284 895 358 928 ista
378 891 632 928 rnediocritas
653 896 696 928 et
715 891 880 936 inutilis,
902 891 1043 928 eodem
1064 891 1151 927 loco
1177 890 1375 937 habenda,

186 964 264 1002 quo
302 954 333 987 si
372 954 459 1001 quis
498 950 650 987 diceret
694 950 848 987 modice
890 950 1182 995 insaniendum,
1220 950 1375 987 modice

119 1008 166 1045 10
186 1010 485 1060 aegrotandum.
573 1009 663 1046 Sola
707 1012 829 1046 virtus
874 1009 1010 1055 habet,
1055 1023 1134 1045 non
1178 1012 1376 1058 recipiunt

185 1072 306 1105 animi
327 1069 430 1105 mala
451 1074 825 1118 temperamentum.
887 1069 1054 1105 Facilius
1082 1068 1286 1105 sustuleris
1308 1068 1375 1104 illa

187 1142 305 1178 quam
343 1131 500 1165 rexeris.
575 1128 779 1177 Numquid
824 1128 990 1164 dubium
1035 1133 1109 1173 est,
1147 1131 1243 1177 quin
1281 1130 1377 1165 vitia

186 1190 332 1224 mentis
370 1187 567 1223 humanae
606 1189 828 1223 inveterata
867 1192 908 1223 et
942 1187 1051 1232 dura,
1086 1200 1186 1236 quae
1220 1187 1377 1223 morbos

186 1259 383 1291 vocamus,
407 1245 655 1282 inmoderata
683 1248 776 1290 sint,
802 1251 847 1282 ut
875 1248 1050 1290 avaritia,
1076 1251 1122 1282 ut
1150 1246 1377 1291 crudelitas,

186 1310 231 1342 ut
260 1304 540 1354 inpotential?
599 1305 704 1353 Ergo
730 1304 968 1341 inmoderati
994 1310 1087 1341 sunt
1115 1310 1155 1341 et
1181 1304 1374 1341 adfectus.

118 1364 162 1399 ll
187 1364 251 1400 Ab
270 1363 331 1400 his
359 1366 465 1400 enim
486 1363 535 1399 ad
556 1363 623 1399 illa
649 1366 849 1399 transitur.
910 1363 1067 1400 Deinde
1088 1366 1119 1400 si
1140 1363 1208 1400 das
1228 1364 1378 1413 aliquid

187 1425 280 1459 iuris
318 1425 517 1467 tristitiae,
556 1425 701 1467 timori,
736 1422 960 1471 cupiditati,
995 1425 1138 1459 ceteris
1176 1422 1377 1459 motibus2

187 1484 328 1531 pravis,
344 1494 425 1517 non
445 1486 562 1517 erunt
582 1483 623 1516 in
643 1486 778 1517 nostra
798 1486 1010 1530 potestate.
1062 1480 1224 1527 Quare?
1272 1481 1376 1528 Quia

188 1546 299 1578 extra
325 1553 395 1577 nos
425 1545 530 1585 sunt,
557 1540 699 1589 quibus
728 1543 951 1577 inritantur.
1013 1540 1153 1590 Itaque
1183 1546 1376 1587 crescent,

188 1605 305 1649 prout
337 1612 500 1648 magnas
538 1599 779 1635 habuerint-⁵³
808 1602 1028 1636 minoresve
1059 1613 1205 1645 causas,
1235 1601 1376 1649 quibus

188 1661 448 1695 concitentur.
510 1657 637 1694 Maior
666 1660 742 1694 erit
779 1660 909 1703 timor,
939 1661 969 1694 si
1008 1658 1109 1707 plus,
1139 1671 1216 1708 quo
1246 1664 1377 1696 exter-

188 1723 333 1763 reatur,
361 1722 431 1753 aut
468 1719 628 1766 propius
666 1719 878 1766 aspexerit,
907 1720 1031 1753 acrior
1060 1714 1269 1766 cupiditas,
1298 1731 1376 1768 quo
1432 1762 1434 1765 ι

240 1787 251 1806 1
277 1786 435 1828 inpietas,
447 1785 540 1817 after
557 1786 761 1828 inpotentia,
776 1785 942 1817 removed
956 1785 1004 1827 by
1018 1785 1165 1828 Madvig
1176 1797 1215 1819 as
1228 1798 1250 1818 a
1261 1787 1376 1829 gloss;

362 1915 374 1935 ³
398 1883 577 1947 habqiczgrint
593 1915 682 1946 later
699 1894 800 1947 MSS.
819 1928 828 1952 3
841 1897 1041 1947 'habuerunt
1057 1898 1155 1948 VPb.

315 2008 329 2022 α
353 2000 516 2033 Another
531 2000 630 2043 reply
646 2003 684 2033 to
700 2000 762 2032 the
779 1999 991 2042 Peripatetic
1008 2001 1112 2034 claim
1127 2002 1168 2034 of
1180 2005 1196 2041 ἓ
1212 2004 1243 2035 3.

189 2058 265 2096 290
