1434 2333
409 120 523 156 THE
553 119 804 157 EPISTLES
834 119 904 156 OF
933 119 1143 157 SENECA

186 206 403 242 dolentiam
429 206 590 254 potest?
646 206 813 242 Animus
840 210 996 241 constat
1022 206 1095 241 sibi
1122 210 1163 241 et
1190 203 1367 253 placidus

187 274 270 313 est3
299 269 393 318 quid
421 269 610 306 accedere
639 269 689 305 ad
718 269 818 305 hanc
847 269 1177 318 tranquillitatem
1207 268 1368 317 potest?

118 336 166 372 46
188 333 532 379 Quemadmodum
561 336 751 370 serenitas
778 333 875 370 caeli
904 346 984 369 non
1012 337 1153 382 recipit
1180 336 1367 369 maiorem

186 398 314 434 adhuc
335 398 557 435 claritatem
577 401 617 434 in
633 401 937 434 sincerissimum
953 401 1123 434 nitorem
1143 402 1365 447 repurgata,

187 466 240 499 sic
274 463 443 499 hominis
477 476 615 512 corpus
648 466 901 512 animumque
937 466 1108 499 curantis
1142 467 1184 499 et
1221 463 1369 499 bonum

187 540 299 563 suum
334 541 382 564 ex
412 532 579 577 utroque
612 530 812 564 nectentis
845 526 1044 576 perfectus
1079 532 1140 563 est
1173 532 1299 563 status
1328 531 1370 563 et

188 604 379 628 summam
400 595 481 628 voti
502 595 560 628 sui
580 595 746 637 invenit,
767 595 798 627 si
817 605 891 628 nec
912 596 1044 628 aestus
1064 595 1195 628 animo
1215 596 1276 627 est
1295 604 1369 627 nec

188 655 299 692 dolor
318 659 479 705 corpori.
539 656 579 693 Si
599 670 676 706 qua
692 662 803 693 extra
823 657 1097 693 blandimenta
1117 659 1370 705 contingunt,

187 734 266 757 non
293 726 443 770 augent
469 734 664 757 summum
691 722 852 766 bonum,
873 721 943 758 sed
964 726 1009 757 ut
1036 724 1091 757 ita
1117 721 1259 767 dicam,
1280 734 1370 757 con-

187 785 303 821 diunt
324 791 366 822 et
385 786 599 822 oblectant.
664 786 902 822 Absolutum
925 789 1031 822 enim
1051 786 1150 822 illud
1173 785 1370 822 humanae

187 855 351 887 naturae
385 851 533 886 bonum
567 853 738 900 corporis
772 856 813 887 et
845 853 965 886 animi
1006 864 1101 900 pace
1135 855 1370 887 contentum

120 921 167 959 47
189 920 260 951 est.
319 915 432 951 Dabo
447 915 553 964 apud
569 915 782 964 Epicurum
799 916 872 951 tibi
889 918 1116 952 etiamnunc
1132 915 1370 951 simillimam

189 979 280 1015 huic
310 985 466 1015 nostrae
496 979 727 1016 divisionem
762 980 963 1016 bonorum.
1023 980 1113 1015 Alia
1143 982 1249 1016 enim
1278 984 1371 1016 sunt

190 1043 295 1091 apud
324 1043 448 1088 illum,
477 1056 577 1092 quae
607 1043 719 1080 malit
750 1046 981 1092 contingere
1011 1045 1097 1089 sibi,
1127 1049 1172 1080 ut
1201 1046 1371 1093 corporis

190 1110 366 1155 quietem
386 1108 435 1143 ab
454 1111 561 1143 omni
581 1108 829 1144 incommodo
850 1108 1014 1144 liberam
1035 1114 1076 1145 et
1096 1111 1216 1144 animi
1236 1111 1371 1145 remis-

190 1173 339 1207 sionem
369 1172 560 1207 bonorum
590 1185 746 1208 suorum
776 1173 1113 1221 contemplatione
1147 1173 1369 1222 gaudentis.

190 1235 279 1270 Alia
306 1241 410 1280 sunt,
436 1249 535 1285 quae
566 1239 741 1285 quamvis
770 1236 870 1273 nolit
898 1236 1090 1282 accidere,
1114 1237 1371 1274 nihilominus

190 1299 325 1335 laudat
360 1305 401 1336 et
439 1301 668 1349 conprobat,
701 1306 903 1350 tamquam
940 1300 1061 1346 illam,
1099 1315 1217 1351 quam
1254 1302 1371 1351 paulo

190 1369 283 1400 ante
304 1364 496 1409 dicebam,
516 1365 643 1401 malae
664 1365 901 1402 valetudinis
927 1371 968 1402 et
994 1366 1174 1402 dolorum
1193 1369 1372 1415 gravissi-

190 1441 342 1464 morum
388 1433 695 1478 perpessionem,
734 1433 773 1465 in
821 1444 897 1479 qua
944 1431 1136 1479 Epicurus
1181 1425 1257 1467 fuit
1304 1431 1372 1467 illo

190 1506 341 1529 summo
379 1506 423 1529 ac
460 1493 770 1530 fortunatissimo
809 1495 873 1531 die
912 1507 992 1532 sue.
1078 1495 1147 1531 Ait
1186 1498 1292 1532 enim
1330 1508 1371 1532 se

191 1560 343 1594 vesicae
395 1563 436 1594 et
486 1558 701 1594 exulcerati
754 1562 901 1595 ventris
953 1564 1153 1596 tormenta
1203 1560 1371 1596 tolerare

191 1621 418 1658 ulteriorem
448 1622 591 1658 doloris
620 1625 885 1659 accessionem
913 1636 993 1659 non
1020 1627 1266 1673 recipientia,
1287 1637 1371 1660 esse

190 1685 443 1722 nihilominus
464 1687 536 1722 sibi
557 1686 668 1722 illum
692 1688 854 1723 beatum
874 1687 990 1724 diem.
1051 1688 1218 1724 Beatum
1237 1694 1372 1726 autem

191 1763 321 1798 agere,
342 1753 415 1786 nisi
435 1754 501 1800 qui
523 1756 584 1787 est
604 1754 643 1787 in
666 1765 818 1787 summo
839 1752 955 1796 bono,
974 1765 1054 1788 non
1074 1758 1216 1801 potest.

123 1823 170 1857 48
256 1815 361 1863 Ergo
395 1820 436 1851 et
473 1815 577 1864 apud
611 1816 825 1864 Epicurum
859 1821 950 1852 sunt
987 1817 1085 1853 haec
1118 1818 1232 1862 bona,
1271 1831 1372 1868 quae

190 1878 326 1915 malles
352 1893 431 1915 non
458 1883 638 1928 experiri,
659 1880 728 1916 sed
747 1883 837 1929 quia
864 1883 919 1916 ita
944 1894 1006 1917 res
1032 1882 1137 1927 tulit,
1159 1887 1200 1919 et
1223 1883 1372 1932 ample-

244 1978 258 1991 ‘1
283 1971 384 2013 Frag.
405 1975 465 2004 449
484 1973 631 2006 Usener.
894 1975 906 1993 ἶ)
930 1974 958 2006 F
960 1985 1032 2017 rag.
1055 1978 1115 2007 138
1133 1976 1282 2009 Usener.

613 2022 625 2036 ⁶
648 2016 715 2049 See
731 2016 855 2054 above,
873 2020 953 2056 547.

193 2070 243 2103 30
