1434 2333
101 692 150 729 30

101 1119 148 1156 31

379 102 508 138 -ΤΗΕ
539 101 793 139 EPISTLES
824 101 896 138 OF
926 101 1137 139 SENECA

171 190 327 227 divitias
348 203 418 226 nos
438 195 505 225 aut
533 202 603 238 per
622 189 847 238 voluptates
868 193 909 225 in
934 189 1037 226 mala
1062 189 1262 234 incidere3
1290 195 1361 227 aut

171 264 202 297 si
222 273 292 309 per
318 260 475 297 divitias
501 262 541 296 in
569 260 695 296 multa
720 260 824 296 mala
849 259 1073 306 incidimus,
1094 273 1174 297 non
1200 266 1359 298 tantum

170 332 318 367 bonum
339 343 418 367 non
435 335 528 367 sunt
543 330 719 375 divitiae,
736 330 807 368 sed
822 330 970 367 malum
991 336 1084 369 sunt
1098 344 1107 376 3
1136 344 1204 367 vos
1223 336 1358 368 autem

170 401 255 438 illas
294 401 425 439 dicitis
464 407 622 438 tantum
660 402 809 438 bonum
839 415 920 438 non
949 414 1046 439 esse.
1107 401 1356 448 Praeterea,”

169 475 312 522 inquit,
352 477 376 494 “
389 473 608 510 conceditis
654 473 812 510 divitias
862 472 1007 510 habere
1055 473 1205 523 aliquid
1252 487 1355 510 usus.

171 543 283 580 Inter
302 543 509 580 commoda
528 543 614 580 illas
634 547 876 587 numeratis3
906 546 1016 593 atqui
1044 543 1185 581 eadem
1206 547 1359 581 ratione

168 628 219 651 ne
235 615 247 637 1
268 614 519 651 commodum
540 615 702 664 quidem
723 620 850 652 erunt.
913 615 988 652 Per
1006 615 1091 652 illas
1113 618 1218 652 enim
1234 615 1361 652 multa

169 686 282 723 nobis
297 686 547 722 incommoda
563 686 794 722 eveniunt.''
841 686 917 722 His
933 686 1094 736 quidam
1106 686 1181 723 hoc
1197 699 1359 736 respon-

168 757 290 794 dent:
333 760 358 778 “
371 759 521 802 erratis,
551 760 618 806 qui
656 757 934 793 incommoda‘2
968 757 1115 793 divitiis
1153 760 1358 807 inputatis.

171 828 268 865 Illae
285 831 487 865 neminem
504 828 670 865 laedunt
686 841 694 871 ;
723 833 793 864 aut
809 841 879 864 sua
892 833 1014 865 nocet
1029 831 1171 878 cuique
1188 828 1360 865 stultitia

169 904 238 935 aut
258 899 387 936 aliena
408 901 600 949 nequitia,
622 902 675 935 sic
696 898 1034 948 quemadmodum
1060 899 1214 948 gladius
1234 902 1359 936 nemi-

169 983 262 1006 nem
283 969 452 1013 occidit3
482 969 700 1006 occidentis
715 969 843 1006 telum
860 975 931 1006 est.
984 969 1073 1005 Non
1089 969 1179 1006 ideo
1199 969 1362 1006 divitiae

170 1041 244 1077 tibi
265 1045 425 1085 nocent,
447 1043 478 1076 si
499 1046 663 1090 propter
682 1040 839 1077 divitias
859 1040 933 1077 tibi
954 1040 1157 1078 nocetur.’'

241 1111 485 1156 Posidonius,
502 1116 546 1147 ut
568 1124 642 1160 ego
659 1114 855 1156 existimo,
871 1111 1026 1156 melius,
1042 1114 1108 1161 qui
1129 1114 1185 1147 ait
1205 1111 1363 1148 divitias

173 1195 257 1219 esse
279 1195 435 1219 causam
455 1182 661 1226 malorum,
682 1194 762 1217 non
782 1184 874 1231 quia
900 1184 1008 1230 ipsae
1029 1181 1179 1218 faciunt
1199 1181 1364 1231 aliquid,

173 1253 243 1290 sed
264 1256 355 1303 quia
375 1253 547 1289 facturos
569 1255 744 1289 inritant.
804 1252 894 1288 Alia
921 1257 982 1289 est
1009 1255 1114 1289 enim
1143 1266 1257 1289 causa
1284 1254 1363 1290 effi-

174 1327 295 1369 ciens,
325 1336 426 1373 quae
465 1325 644 1372 protinus
675 1335 838 1360 necesse
873 1327 934 1360 est
964 1327 1121 1368 noceat,
1149 1323 1224 1359 alia
1253 1336 1365 1372 prae-

174 1394 332 1431 cedens.
385 1394 503 1430 Hanc
520 1393 831 1443 praecedentem
849 1406 1007 1430 causam
1020 1393 1182 1430 divitiae
1194 1393 1367 1437 habent3

174 1465 313 1502 inflant
341 1468 506 1510 animos,
535 1465 761 1514 superbiam
791 1468 963 1514 pariunt,
992 1464 1182 1501 invidiam
1212 1470 1366 1501 contra-

175 1537 277 1574 hunt
299 1542 341 1574 et
361 1549 484 1586 usque
506 1549 552 1573 eo
573 1542 751 1574 mentem
772 1537 963 1581 alienant,
983 1540 1029 1573 ut
1049 1535 1153 1572 fama
1173 1539 1366 1585 pecuniae

141 1636 143 1638 .
175 1621 246 1644 nos
285 1610 406 1644 etiam
444 1610 624 1643 nocitura
662 1607 850 1644 delectet.
925 1607 1034 1643 Bona
1072 1611 1207 1643 autem
1236 1609 1367 1643 omnia

177 1691 308 1715 carere
330 1678 446 1727 culpa
469 1678 611 1722 decet3
642 1691 739 1727 pura
765 1683 871 1723 sunt,
892 1690 972 1714 non
999 1682 1257 1726 corrumpunt
1284 1680 1366 1713 ani-

176 1762 273 1795 mos,
294 1762 373 1786 non
401 1749 627 1786 sollicitant.
688 1748 898 1785 Extollunt
925 1748 1087 1798 quidem
1115 1753 1156 1784 et
1183 1747 1367 1793 dilatant,

177 1821 247 1858 sed
268 1823 352 1858 sine
374 1825 539 1857 tumore.
600 1820 713 1866 Quae
740 1821 843 1856 bona
870 1825 963 1856 sunt
989 1819 1174 1856 fiduciam
1201 1819 1367 1865 faciunt,

177 1892 338 1929 divitiae
372 1892 587 1929 audaciam.
647 1891 761 1937 Quae
792 1891 896 1927 bona
925 1895 1018 1927 sunt
1047 1889 1367 1939 magnitudinem

532 1977 541 1997 1
566 1989 606 2010 ne
622 1977 778 2010 inserted
795 1977 842 2019 by
860 1976 1013 2009 Fickert.

306 2022 320 2042 ‘³
342 2022 400 2065 qui
416 2022 630 2054 incommoda
648 2021 737 2053 later
754 2019 855 2053 MSS.
874 2033 883 2057 ς
906 2020 964 2062 qui
980 2020 1154 2052 commoda
1171 2019 1239 2051 Vb.

181 2079 257 2111 340
