1434 2333
372 118 488 153 THE
518 117 771 154 EPISTLES
802 117 872 154 OF
902 117 1111 154 SENECA

148 203 313 248 laborat,
334 216 542 247 exerceas;
572 208 616 239 ut
642 206 804 253 naviges
834 208 875 240 et
904 207 1052 241 viscera
1081 204 1189 241 molli
1218 208 1337 242 iacta-

149 272 258 305 tione
289 271 515 308 concutias:
554 269 697 318 quibus
725 269 822 305 cibis
852 271 986 314 utaris,
1016 272 1150 305 vinum
1180 269 1338 320 quando

151 336 291 370 virium
319 347 435 370 causa
460 333 641 380 advoces,
661 334 821 383 quando
848 337 1103 380 intermittas,
1123 348 1174 372 ne
1200 337 1340 371 inritet

150 404 193 436 et
219 404 428 448 exasperet
455 401 604 436 tussim.
665 399 752 449 Ego
777 400 850 436 tibi
877 399 976 436 illud
1003 402 1214 450 praecipio,
1235 399 1341 450 quod

151 478 231 501 non
251 469 409 501 tantum
436 464 553 501 huius
580 465 719 510 morbi,
739 464 811 501 sed
838 467 961 501 totius
990 467 1093 502 vitae
1120 465 1342 502 remedium

152 535 236 567 est:
266 535 480 567 contemne
500 535 682 566 mortem.
742 529 852 566 Nihil
880 533 995 567 triste
1016 535 1091 576 est,
1111 544 1201 567 cum
1228 530 1344 567 huius

110 595 132 632 6
152 601 305 633 metum
332 596 552 645 effugimus.
612 595 701 631 Tria
723 595 820 631 haec
850 598 890 631 in
918 599 1025 632 omni
1052 596 1189 632 morbo
1214 598 1347 645 gravia

153 666 246 698 sunt
262 676 270 697 ε
300 666 431 698 metus
451 664 603 706 mortis,
619 661 731 697 dolor
752 664 936 710 corporis,
953 664 1193 698 intermissio
1209 661 1345 710 volup-

153 732 294 764 tatum.
346 727 407 763 De
429 731 557 763 morte
575 729 668 763 satis
685 726 838 763 dictum
855 732 940 770 est3
970 726 1045 763 hoc
1061 740 1183 764 unum
1205 727 1347 772 dicam,

154 806 234 828 non
254 792 381 828 morbi
402 791 508 827 hunc
525 804 610 828 esse
630 791 700 828 sed
722 796 887 828 naturae
902 797 1066 829 metum.
1128 792 1346 829 Multorum

155 863 325 894 mortem
364 857 521 893 distulit
559 857 719 893 morbus
758 861 799 893 et
837 857 955 893 saluti
994 857 1072 893 illis
1110 857 1187 894 fuit
1224 857 1348 894 videri

156 926 295 971 perire.
357 923 551 967 Morieris,
572 935 651 958 non
681 924 773 971 quia
802 928 998 971 aegrotas,
1020 922 1090 959 sed
1119 926 1211 973 quia
1239 925 1346 959 vivis.

158 989 238 1025 Ista
260 994 300 1025 te
322 1001 383 1025 res
404 993 445 1024 et
473 992 653 1024 sanatum
680 992 841 1030 manet3
872 1001 961 1024 cum
990 988 1248 1033 convalueris,
1270 1001 1350 1024 non

157 1059 340 1099 mortem,
361 1053 431 1090 sed
453 1052 726 1089 valetudinem
748 1052 924 1102 effugies.

115 1121 135 1157 7
226 1119 289 1156 Ad
310 1119 408 1155 illud
429 1132 534 1155 nunc
551 1121 752 1167 proprium
768 1118 1063 1155 incommodum
1085 1124 1351 1156 revertamur:

157 1198 323 1235 magnos
344 1187 539 1220 cruciatus
560 1183 683 1219 habet
704 1184 872 1220 morbus.
933 1183 1012 1221 Sed
1034 1184 1104 1220 hos
1125 1185 1352 1222 tolerabiles

158 1249 367 1287 intervalla
396 1249 557 1286 faciunt.
619 1249 720 1284 Nam
751 1252 892 1285 summi
921 1248 1066 1285 doloris
1095 1253 1267 1287 intentio
1294 1253 1352 1286 in-

159 1318 269 1352 venit
295 1315 425 1351 finem.
486 1314 616 1350 Nemo
643 1318 777 1362 potest
804 1313 918 1350 valde
945 1313 1081 1351 dolere
1108 1320 1149 1351 et
1176 1315 1269 1359 diu;
1298 1319 1352 1352 sic

158 1394 229 1417 nos
259 1382 528 1416 amantissima
557 1382 681 1415 nostri
711 1383 851 1415 natura
876 1379 1084 1428 disposuit,
1105 1385 1150 1416 ut
1176 1380 1352 1418 dolorem

117 1449 139 1485 8
158 1451 227 1483 aut
248 1445 496 1482 tolerabilem
517 1450 587 1481 aut
606 1445 767 1481 brevem
789 1444 949 1481 faceret.
1011 1445 1175 1481 Maximi
1199 1445 1354 1483 dolores

160 1515 383 1548 consistunt
399 1514 439 1547 in
455 1513 695 1547 macerrimis
712 1513 883 1559 corporis
900 1511 1078 1559 partibus
1093 1524 1101 1554 ;
1131 1514 1241 1548 nervi
1261 1514 1353 1548 arti-

160 1578 318 1628 culique
348 1582 390 1614 et
416 1576 605 1626 quicquid
634 1575 742 1612 aliud
771 1575 874 1612 exile
904 1581 978 1621 est,
998 1579 1187 1613 acerrime
1217 1580 1354 1622 saevit,

162 1656 251 1679 cum
285 1646 326 1679 in
359 1647 445 1679 arto
480 1644 574 1678 vitia
612 1643 807 1689 concepit.
880 1640 960 1678 Sed
999 1644 1079 1677 cito
1113 1641 1187 1678 hae
1222 1647 1354 1691 partes

162 1708 452 1757 obstupescunt
472 1711 514 1744 et
534 1710 619 1756 ipso
639 1706 775 1743 dolore
796 1719 955 1743 sensum
981 1706 1125 1743 doloris
1149 1710 1354 1753 amittunt,

216 1825 231 1839 α
256 1819 326 1854 Le..
345 1829 425 1849 men
446 1817 536 1849 have
559 1817 704 1850 become
724 1816 896 1848 healthier
919 1817 1012 1849 after
1033 1819 1179 1860 passing
1200 1817 1354 1860 through

164 1863 297 1894 serious
314 1861 444 1894 illness.

217 1906 229 1925 ὁ
255 1905 308 1948 Cf.
336 1904 522 1947 Epicurus,
542 1903 569 1936 F
572 1914 644 1945 rag.
665 1906 726 1935 446
746 1902 894 1936 Usener.

216 1954 228 1968 ⁰
251 1947 438 1990 Compare,
467 1948 558 1979 from
589 1957 721 1988 among
752 1956 860 1988 many
890 1946 1065 1988 parallels,
1097 1947 1164 1990 Ep.
1191 1949 1283 1980 xxiv.
1317 1950 1356 1979 14

163 1991 291 2031 (dolor)
330 1992 409 2023 lev-is
447 2003 489 2026 es.
519 1991 549 2022 si
579 1991 677 2032 ferre
706 2000 856 2032 possum,
891 1990 998 2021 brevis
1029 2002 1072 2025 es.
1105 1991 1134 2022 si
1157 1991 1255 2033 ferre
1285 2002 1353 2022 nov

161 2046 310 2076 })OSSIUH.

168 2091 241 2123 184
