1434 2333
420 121 535 158 THE
565 121 818 159 EPISTLES
848 122 918 159 OF
947 122 1154 160 SENECA

197 207 416 242 mutabitur
442 212 484 242 et
503 207 636 243 vultus
664 208 880 256 agitabitur
903 213 945 245 et
965 214 1073 245 artus
1093 209 1381 259 refrigescent?

197 265 249 300 Et
287 265 475 314 quicquid
512 266 620 302 aliud
653 279 733 302 non
768 280 816 303 ex
850 269 1015 316 imperio
1052 270 1186 313 animi,
1220 268 1290 305 sed
1323 271 1381 303 in-

197 323 377 360 consulto
405 324 576 373 quodam
602 330 767 362 naturae
794 328 948 374 impetu
974 326 1163 375 geritur.’'
1222 327 1382 370 Fateor3

197 382 266 418 sed
286 384 464 419 manebit
485 383 542 419 illi
559 387 758 432 persuasio
774 384 927 430 eadem,
944 385 1042 421 nihil
1059 385 1214 422 illorum
1235 385 1382 422 malum

197 455 282 478 esse
298 455 372 478 nec
389 442 568 491 dignum,
582 443 631 479 ad
647 444 753 492 quod
769 457 882 480 mens
895 457 989 480 sana
1004 444 1172 482 deficiat.
1223 444 1383 489 Omnia,

197 513 297 549 quae
336 501 518 537 facienda
556 507 687 547 erunt,
726 502 929 539 audaciter
967 502 1062 539 facit
1105 509 1147 540 et
1185 509 1380 552 prompte.

127 557 176 593 32
200 560 289 596 Hoc
310 563 417 596 enim
437 561 632 597 stultitiae
656 564 858 610 proprium
885 565 971 611 quis
998 562 1157 607 dixerit,
1177 566 1319 611 ignave
1341 567 1383 598 et

198 623 486 656 contumaciter
515 619 658 665 facere,
687 633 788 669 quae
818 620 950 666 faciat,
978 626 1020 657 et
1048 621 1125 657 alio
1155 634 1294 670 corpus
1323 624 1382 657 in-

197 678 360 727 pellere,
386 679 463 714 alio
492 682 667 715 animum
697 679 942 729 distrahique
969 683 1075 716 inter
1100 680 1383 717 diversissimos

196 742 337 773 motus.
399 737 500 773 Nam
538 743 701 787 propter
738 738 805 774 illa
838 741 934 787 ipsa,
965 739 1106 788 quibus
1146 739 1303 776 extollit
1342 752 1383 776 se

197 800 453 845 miraturque,
475 802 707 845 contempta
728 802 787 833 est
817 802 858 833 et
879 810 930 834 ne
955 797 1024 833 illa
1043 798 1219 847 quidem,
1239 799 1383 847 quibus

197 855 400 903 gloriatur,
429 855 603 892 libenter
631 855 736 892 facit.
797 855 838 892 Si
867 869 959 892 vero
992 857 1179 906 aliquod1
1218 860 1384 893 timetur

197 914 357 960 malum,
387 928 434 951 eo
473 914 652 963 proinde,
682 914 777 950 dum
816 920 1017 963 expectat,
1046 918 1156 964 quasi
1195 919 1383 961 venisset,

198 979 362 1023 urgetur
401 978 442 1010 et
481 973 669 1022 quicquid
703 986 753 1009 ne
787 976 962 1022 patiatur
998 976 1129 1020 timet,
1158 977 1235 1010 iam
1272 981 1383 1012 metu

127 1034 176 1071 33
197 1036 356 1081 patitur.
416 1032 764 1078 Quemadmodum
812 1036 853 1068 in
901 1034 1127 1082 corporibus
1174 1033 1383 1071 insidentis

196 1092 396 1141 languoris
409 1091 424 1114 2
444 1094 555 1140 signa
576 1096 848 1140 praecurrunt,
869 1092 1064 1141 quaedam
1085 1095 1192 1128 enim
1213 1096 1384 1142 segnitia

197 1154 350 1187 enervis
379 1156 439 1187 est
461 1156 501 1187 et
529 1153 613 1186 sine
640 1150 774 1186 labore
802 1150 882 1186 ullo
910 1150 1102 1187 lassitudo
1132 1156 1173 1188 et
1202 1155 1383 1188 oscitatio

197 1215 238 1246 et
268 1210 404 1246 horror
432 1210 608 1245 membra
637 1222 869 1258 percurrens
885 1222 894 1253 3
942 1213 994 1246 sic
1024 1209 1200 1246 infirmus
1230 1214 1383 1247 animus

197 1269 324 1304 multo
350 1273 444 1305 ante
475 1281 592 1317 quam
621 1271 866 1317 opprimatur
885 1268 997 1304 malis
1018 1272 1206 1318 quatitur.
1267 1270 1383 1306 Prae-

197 1330 318 1364 sumit
338 1327 405 1363 illa
425 1332 466 1363 et
486 1332 580 1363 ante
602 1332 760 1376 tempus
781 1327 897 1364 cadit.

265 1386 373 1432 Quid
399 1391 534 1422 autem
563 1386 789 1422 dementius
816 1399 934 1435 quam
960 1389 1053 1435 angi
1080 1385 1222 1423 suturis
1246 1400 1320 1424 nec
1341 1400 1382 1424 se

198 1451 398 1482 tormento
435 1458 647 1490 reservare,
683 1445 752 1481 sed
791 1458 987 1481 arcessere
1026 1446 1099 1481 sibi
1133 1448 1307 1482 miserias
1342 1451 1384 1483 et

126 1505 176 1541 34
197 1505 436 1541 admovere?
493 1503 602 1549 Quas
629 1507 823 1552 optimum
851 1509 912 1540 est
941 1504 1111 1549 differre,
1133 1507 1163 1540 si
1184 1504 1383 1542 discutere

197 1577 277 1600 non
306 1566 438 1612 possit.
499 1562 566 1599 Vis
600 1566 698 1599 scire
732 1562 866 1599 futuro
900 1565 1102 1599 neminem
1131 1563 1279 1600 debere
1308 1569 1384 1600 tor·

197 1624 337 1672 queri?
394 1621 645 1671 Quicumque
681 1621 852 1658 audierit
886 1627 975 1670 post
1009 1625 1382 1671 quinquagesimum

196 1694 342 1717 annum
373 1681 444 1716 sibi
472 1681 661 1729 patienda
687 1681 892 1730 supplicia,
913 1694 992 1716 non
1019 1681 1286 1729 perturbatur,
1307 1684 1382 1717 nisi

249 1785 259 1803 ¹
284 1784 424 1826 aliquod
439 1783 526 1815 later
544 1783 646 1816 MSS.
664 1797 673 1820 ς
697 1784 829 1826 aliquid
844 1783 944 1816 VPb.

249 1828 261 1846 '2
284 1827 462 1859 insidentis
485 1827 660 1869 lanquoris
684 1826 829 1864 Hense;
869 1827 1010 1869 insi-quis
1034 1827 1172 1869 lanyore
1195 1838 1234 1859 or
1256 1827 1384 1870 insiyni

196 1871 361 1913 Ianyuore
378 1869 479 1902 MSS.

503 1979 517 1992 ‘¹
545 1972 597 2013 Cf.
618 1972 711 2014 Epp.
731 1973 775 2004 xi.
797 1975 815 2003 6
832 1972 902 2004 and
918 1972 998 2004 lxxi.
1019 1975 1071 2005 29.

514 2017 526 2034 b
552 2015 706 2057 Perhaps
723 2026 744 2047 a
760 2018 834 2047 sort
850 2015 890 2047 of
904 2015 1057 2047 malaria.

200 2072 273 2103 134
