1434 2333
402 122 515 158 THE
546 121 799 159 EPISTLES
830 123 901 159 OF
930 123 1140 160 SENECA

179 212 238 246 sui
264 212 453 258 temporis
480 214 521 245 et
550 209 823 257 inperturbata
851 210 1017 258 publicis
1043 212 1366 260 occupationibus

179 276 301 312 quies,

393 329 425 363 O
442 329 629 367 Meliboee,
647 330 734 363 deus
748 330 849 362 nobis
867 330 954 363 haec
970 333 1041 364 otia
1057 332 1142 365 fecit
1156 347 1163 364 :

394 373 557 415 Namque
574 375 639 405 erit
654 373 711 405 ille
727 373 812 405 mihi
830 384 968 416 semper
984 375 1081 408 deus.

112 457 155 493 11
181 458 221 495 Si
263 458 330 494 illa
368 471 525 508 quoque
568 462 648 495 otia
685 460 857 496 multum
899 464 1049 498 auctori
1091 475 1160 498 suo
1202 463 1367 508 debent,

179 525 345 562 quorum
365 525 507 548 munus
527 511 601 549 hoc
621 516 835 550 maximum
857 519 939 551 est:

324 606 386 638 Ille
403 617 499 638 meas
516 617 631 638 errare
648 607 768 644 boves,
786 610 827 639 ut
842 610 968 645 cernis,
987 611 1023 640 et
1039 610 1154 651 ipsum

324 649 462 682 Ludere
479 660 569 692 quae
586 650 711 682 vellem
727 650 863 683 calamo
879 653 1039 693 permisit
1055 654 1187 694 agresti
1201 666 1210 689 ς

180 739 318 785 quanti
338 739 591 773 aestimamus
612 737 685 773 hoc
705 740 843 782 otium,
860 738 965 787 quod
986 742 1091 775 inter
1110 739 1205 776 deos
1225 743 1368 788 agitur,

112 792 159 828 12
179 790 286 839 quod
315 789 409 826 deos
438 789 562 826 facit?
619 790 680 827 Ita
708 791 808 836 dico,
836 791 976 837 Lucili,
1006 798 1047 829 et
1075 798 1117 829 te
1146 796 1187 829 in
1216 793 1368 830 caelum

180 843 474 892 compendiario
496 856 600 879 voco.

249 896 410 933 Solebat
431 896 589 933 Sextius
606 897 737 934 dicere
757 897 889 934 Iovem
910 899 998 947 plus
1018 912 1097 935 non
1118 912 1231 948 posse
1251 913 1368 949 quam

181 951 328 987 bonum
356 953 490 986 virum.
551 950 667 986 Plura
694 950 875 1000 Iuppiter
900 952 1035 997 habet,
1062 966 1162 1002 quae
1192 959 1369 1002 praestet

180 1004 419 1048 hominibus,
440 1003 510 1040 sed
538 1007 643 1040 inter
667 1004 764 1041 duos
791 1006 913 1041 bonos
933 1019 1012 1042 non
1039 1011 1100 1043 est
1125 1007 1276 1052 melior,
1302 1011 1368 1057 qui

180 1057 428 1106 locupletior,
454 1070 534 1093 non
561 1061 685 1106 magis
712 1071 830 1107 quam
859 1062 964 1095 inter
990 1059 1102 1105 duos,
1129 1060 1270 1109 quibus
1298 1074 1369 1110 par

182 1113 347 1147 scientia
367 1111 533 1160 regendi
560 1112 871 1160 gubernaculum
893 1118 967 1157 est,
987 1113 1191 1150 meliorem
1211 1114 1369 1160 dixeris,

114 1164 161 1200 13
182 1167 244 1200 cui
269 1167 392 1200 maius
420 1167 712 1214 speciosiusque
733 1168 933 1214 navigium
961 1171 1031 1202 est.
1092 1167 1273 1216 Iuppiter
1292 1181 1369 1218 quo

181 1218 386 1254 antecedit
402 1220 527 1253 virum
544 1219 691 1254 bonum
705 1221 720 1254 ?
776 1218 936 1256 Diutius
956 1221 1082 1256 bonus
1099 1226 1159 1257 est
1173 1233 1182 1264 3
1213 1224 1368 1271 sapiens

181 1271 305 1307 nihilo
326 1284 367 1308 se
387 1274 547 1307 minoris
574 1274 788 1316 existimat,
808 1273 912 1321 quod
939 1276 1106 1310 virtutes
1133 1277 1216 1311 eius
1243 1277 1370 1324 spatio

184 1325 360 1362 breviore
407 1324 630 1361 cluduntur.
717 1325 1064 1370 Quemadmodum
1115 1340 1163 1363 ex
1215 1328 1370 1365 duobus

182 1379 426 1427 sapientibus
456 1381 523 1427 qui
553 1381 681 1414 senior
708 1379 892 1424 decessit,
922 1393 1001 1416 non
1035 1385 1096 1417 est
1130 1381 1282 1418 beatior
1309 1395 1369 1427 eo,

183 1435 292 1468 cuius
318 1434 421 1468 intra
451 1434 653 1480 pauciores
679 1446 803 1469 annos
830 1436 1042 1470 terminata
1068 1437 1190 1470 virtus
1218 1440 1291 1480 est,
1315 1438 1369 1472 sic

183 1486 280 1522 deus
308 1498 387 1521 non
414 1488 536 1521 vincit
564 1488 785 1534 sapientem
815 1486 1020 1532 felicitate,
1045 1490 1165 1524 etiam
1191 1491 1222 1525 si
1248 1491 1370 1525 vincit

115 1540 163 1576 14
181 1544 324 1575 aetate.
377 1539 466 1574 Non
487 1543 548 1574 est
562 1541 685 1575 virtus
705 1542 839 1584 maior,
855 1553 955 1589 quae
976 1540 1139 1589 longior.
1191 1542 1372 1591 Iuppiter

183 1595 314 1629 omnia
340 1592 474 1636 habet,
502 1592 572 1628 sed
597 1605 741 1641 nempe
770 1593 855 1629 aliis
881 1593 1046 1630 tradidit
1075 1594 1282 1639 habenda3
1320 1596 1368 1631 ad

237 1692 252 1706 a
275 1685 410 1727 Vergil,
441 1685 598 1727 Ecloque,
625 1687 646 1718 i.
677 1689 695 1716 6
724 1685 747 1718 f.
804 1686 926 1727 Vergil
953 1697 1045 1718 owes
1073 1698 1094 1719 a
1125 1687 1210 1720 debt
1239 1691 1277 1721 to
1307 1689 1368 1721 the

183 1729 366 1771 Emperor,
395 1728 466 1760 and
496 1728 640 1769 regards
671 1728 743 1760 him
775 1740 813 1761 as
845 1740 865 1760 a
898 1729 1033 1770 “god'‘
1060 1730 1210 1763 because
1241 1731 1281 1763 of
1306 1732 1368 1764 the

183 1771 352 1804 bestowal
375 1772 416 1803 of
439 1771 577 1813 earthly
600 1771 814 1813 happiness;
851 1772 931 1803 how
954 1772 1058 1804 much
1085 1777 1224 1814 greater
1250 1776 1279 1806 is
1305 1775 1368 1807 the

184 1815 270 1847 debt
290 1814 330 1846 of
349 1814 410 1846 the
432 1814 670 1856 philosopher,
688 1814 766 1846 who
790 1815 854 1846 has
876 1814 936 1847 the
958 1818 1188 1859 opportunity
1204 1820 1240 1849 to
1260 1818 1368 1860 study

185 1857 357 1899 heavenly
374 1857 495 1898 things
511 1860 517 1888 2

236 1902 248 1921 ²³
272 1900 407 1942 Vergil,
425 1900 585 1942 Ecloqzce,
604 1902 624 1933 i.
645 1903 663 1931 9
681 1900 705 1932 f.

235 1950 247 1964 ⁰
271 1944 311 1975 In
339 1944 400 1975 the
423 1943 599 1976 Christian
624 1943 782 1984 religion,
807 1942 888 1976 God
915 1945 944 1975 is
970 1944 1180 1987 everything
1194 1958 1201 1985 ;
1237 1956 1368 1988 among

183 1987 243 2019 the
271 1986 398 2022 Stoics,
424 1986 485 2018 the
512 1987 594 2018 wise
621 1997 703 2018 man
730 1987 759 2018 is
787 1986 889 2028 equal
915 1989 952 2019 to
978 1987 1039 2019 the
1069 1988 1169 2029 gods.
1220 1988 1289 2033 Cf,
1315 1989 1368 2021 for

183 2030 354 2071 example,
374 2029 442 2071 Ep.
462 2029 517 2061 xli.
540 2031 569 2062 4.

187 2087 261 2119 110
