1434 2333
407 103 522 140 THE
552 104 805 143 EPISTLES
835 105 906 142 OF
935 105 1145 142 SENECA

114 195 162 231 28
182 193 302 227 venit.
362 191 512 228 Eadem
540 192 608 228 illa
634 196 732 230 ratio
759 199 909 238 monet,
930 199 987 239 ut,
1011 196 1042 230 si
1067 193 1176 239 licet,
1195 195 1370 230 moriaris

182 249 518 298 quemadmodum
560 251 717 300 placet3
764 255 795 288 si
836 252 995 298 minus,l
1034 251 1369 302 quemadmodum

1427 0 1434 24 ..a

183 316 310 360 potes,
331 316 372 348 et
399 312 587 362 quiequid
614 314 821 351 obvenerit
844 314 895 350 ad
922 317 1001 350 vim
1020 314 1277 351 adferendam
1298 314 1371 350 tibi
1432 331 1434 346 τ

182 369 354 407 invadas.
433 370 669 409 Iniuriosum
716 378 777 410 est
824 378 937 422 rapto
975 376 1119 418 vivere,
1157 378 1198 409 at
1236 377 1372 409 contra
1433 388 1434 401 2

184 428 494 477 pulcherrimum
514 434 611 467 mori
632 437 755 481 rapto.
815 431 933 470 VALE.

709 574 853 612 LXXI.

452 659 606 696 SENECA
638 659 794 696 LVCILIO
824 673 890 696 svo
920 672 1091 696 SALVTEM

146 754 163 790 1
253 743 432 781 Subinde
470 757 534 781 me
573 745 624 781 de
662 745 779 781 rebus
818 745 981 795 singulis
1020 745 1191 781 consulis
1229 744 1375 780 oblitus

186 811 296 843 vasto
320 820 390 844 nos
417 810 513 843 mari
543 807 676 845 dividi.
736 808 834 844 Cum
861 821 1005 858 magna
1030 821 1118 857 pars
1145 807 1298 844 consilii
1325 810 1377 844 sit

185 870 227 903 in
262 873 454 918 tempore,
483 882 645 906 11666556
681 874 742 906 est
776 872 948 915 evenire,
978 874 1023 906 ut
1056 869 1106 905 de
1140 868 1376 918 quibusdam

186 930 302 966 rebus
328 935 424 967 tunc
448 931 497 967 ad
523 936 565 968 te
592 930 815 980 perferatur
841 934 1042 968 sententia
1067 944 1168 976 mea,
1189 944 1279 967 cum
1298 933 1376 966 iam

187 996 380 1029 contraria
408 997 539 1042 potior
565 998 636 1030 est.
697 993 867 1029 Consilia
896 996 1001 1030 enim
1030 993 1146 1030 rebus
1175 998 1373 1042 aptantur.

189 1052 265 1089 Res
295 1059 452 1091 nostrae
486 1054 682 1100 feruntur,
714 1057 834 1091 immo
868 1055 1088 1091 volvuntur.
1147 1055 1252 1103 Ergo
1284 1067 1376 1090 con-

187 1111 318 1149 silium
347 1116 455 1149 nasci
485 1114 556 1150 sub
585 1113 693 1150 diem
722 1113 869 1157 debet3
899 1119 941 1150 et
970 1113 1043 1149 hoc
1073 1126 1230 1163 quoque
1259 1115 1376 1149 nimis

187 1171 345 1208 tardum
362 1177 423 1209 est
438 1185 446 1216 3
477 1173 548 1208 sub
564 1185 696 1218 manu,
711 1172 817 1222 quod
836 1175 961 1217 aiunt,
978 1177 1171 1209 nascatur.
1226 1171 1376 1218 Quem-

187 1230 402 1267 admodum
422 1237 557 1268 autem
577 1234 815 1276 inveniatur,
836 1231 1054 1268 ostendam.

146 1302 168 1338 2
260 1289 469 1336 Quotiens,
491 1290 585 1340 quid
606 1290 841 1340 fugiendum
862 1293 912 1327 sit
932 1295 1001 1326 aut
1021 1289 1116 1339 quid
1142 1290 1376 1339 petendum,

188 1351 295 1387 voles
325 1353 436 1395 scire,
466 1349 515 1385 ad
550 1362 745 1385 summum
780 1349 941 1394 bonum,
976 1352 1219 1398 propositum
1254 1351 1376 1385 totius

188 1413 293 1446 vitae
337 1414 444 1454 tuae,
483 1411 645 1457 respice.
723 1407 787 1443 Illi
826 1411 932 1444 enim
970 1410 1194 1444 consentire
1241 1407 1378 1451 debet,

189 1468 377 1519 quicquid
404 1470 580 1517 agimus;
610 1480 690 1503 non
720 1466 905 1515 disponet
930 1467 1098 1516 singula,
1117 1469 1191 1502 nisi
1212 1469 1275 1503 cui
1300 1469 1377 1502 iam

189 1531 293 1564 vitae
333 1539 424 1563 suae
463 1539 615 1562 summa
647 1528 847 1574 proposita
881 1531 951 1562 est.
1027 1526 1166 1570 Nemo,
1201 1528 1377 1575 quamvis

189 1591 345 1636 paratos
383 1584 529 1621 habeat
569 1584 731 1629 colores,
770 1584 1071 1621 similitudinem
1110 1584 1266 1629 reddet,
1303 1587 1378 1620 nisi

189 1648 267 1681 iam
306 1649 473 1688 constat,
513 1643 609 1693 quid
646 1643 743 1679 velit
785 1646 960 1692 pingere.
1023 1642 1118 1679 Ideo
1156 1656 1377 1692 peccamus,

191 1707 282 1754 quia
312 1703 363 1740 de
394 1702 570 1752 partibus
601 1705 706 1738 vitae
737 1715 874 1738 omnes
905 1702 1182 1747 deliberamus,
1212 1701 1262 1738 de
1293 1707 1378 1738 tota

244 1773 255 1792 1
281 1772 417 1808 Hense,
435 1771 615 1813 following
631 1771 934 1813 Schweighauser,
950 1772 1078 1802 inserts
1095 1771 1378 1813 quemadmodum

187 1817 327 1859 placet:
348 1816 378 1847 si
394 1815 515 1847 minus.

245 1892 260 1905 α
286 1886 353 1921 1'.e.,
378 1885 427 1925 by
452 1884 603 1925 robbing
626 1883 765 1915 oneself
785 1883 824 1914 of
844 1883 926 1919 life;
959 1883 1021 1914 but
1045 1883 1106 1914 the
1130 1883 1316 1915 antithesis
1340 1886 1378 1915 'to

193 1928 342 1970 Vergil‘s
359 1927 487 1969 phrase
502 1928 606 1967 (Aen.
627 1928 671 1959 ix.
693 1928 768 1966 613)
785 1927 814 1958 is
831 1925 1003 1958 artificial.

246 1973 258 1991 ὃ
282 1972 315 2003 Α
340 1970 471 2003 similar
493 1972 681 2011 argument
704 1971 732 2001 is
757 1969 867 2001 found
891 1971 925 2000 111
949 1969 1018 2011 Ep.
1040 1969 1107 2002 lxv.
1128 1969 1161 2008 ἐξ
1186 1972 1205 2000 5
1227 1969 1276 2009 ff.,
1297 1980 1378 2001 con-

191 2016 330 2055 taining
344 2014 406 2045 the
423 2024 519 2046 same
535 2013 647 2055 figure
663 2013 703 2044 of
715 2012 879 2054 thought.

196 2070 245 2106 72
