1434 2333
115 476 158 512 11

112 1380 157 1415 13

406 130 521 165 ΤΙ-ΙΕ
552 128 804 165 EPISTLES
835 127 906 164 OF
935 127 1143 165 SENECA

181 219 324 266 inquit,
355 217 568 253 “delectat
587 216 761 252 alienum
790 218 996 264 negotium
1022 227 1139 264 agere
1157 214 1204 250 ?'’
1280 213 1368 248 Non

182 284 376 329 persuasit
412 281 493 324 illi;
540 294 678 316 manus
717 281 789 316 sibi
827 280 964 316 attulit
1005 292 1079 317 nec
1118 282 1202 316 sine
1240 290 1364 315 causa.

183 345 283 381 Nam
314 351 403 395 post
432 346 539 382 diem
567 348 731 382 tertium
761 350 829 381 aut
862 350 1045 394 quartum
1070 346 1220 381 inimici
1252 345 1367 379 mori-

182 415 292 447 turus
313 411 473 447 arbitrio
493 414 524 446 si
545 413 653 455 vivit,
673 410 847 447 alienum
867 412 1073 458 negotium
1093 412 1186 459 agit.

248 475 339 511 Non
360 478 482 524 possis
502 478 638 524 itaque
659 474 709 511 de
730 488 771 511 re
792 478 833 510 in
853 477 1078 510 universum
1099 475 1368 522 pronuntiare,

181 552 271 575 cum
291 545 460 576 mortem
481 542 536 575 vis
558 544 722 576 externa
748 539 974 584 denuntiat,
994 537 1223 586 occupanda
1242 540 1292 574 sit
1318 551 1368 573 an

182 604 439 653 expectanda.
507 604 635 640 Multa
669 606 776 640 enim
809 608 914 648 sunt,
948 616 1049 652 quae
1084 605 1125 638 in
1158 607 1367 651 utramque

180 674 335 717 partem
366 668 523 705 trahere
557 673 732 718 possunt.
803 667 844 704 Si
877 667 1001 704 altera
1034 680 1137 703 mors
1166 680 1255 702 cum
1288 671 1368 702 tor—

180 738 331 778 mento,
350 733 475 769 altera
501 733 667 782 Simplex
695 738 737 769 et
765 732 889 768 facilis
918 736 992 777 est,
1012 731 1150 780 quidni
1180 730 1271 766 huic
1295 733 1367 766 ini-

180 797 321 833 cienda
355 800 406 833 sit
436 798 601 833 manus?
673 796 1020 842 Quemadmodum
1051 808 1191 832 navem
1222 795 1367 844 eligam

178 865 434 911 navigaturus
460 867 502 898 et
527 862 689 897 domum
719 861 979 905 habitaturus,
1007 863 1061 897 sic
1092 865 1259 896 mortem
1287 863 1366 896 exi-

180 931 290 963 turus
320 939 341 962 e
370 929 460 962 vita.
522 925 727 962 Praeterea
758 925 1092 975 quemadmodum
1121 938 1201 961 non
1228 927 1365 974 utique

179 992 317 1027 melior
355 996 417 1027 est
454 991 608 1039 longior
639 993 732 1034 vita,
763 993 817 1026 sic
856 993 965 1038 peior
996 994 1056 1026 est
1094 992 1232 1039 utique
1263 1002 1366 1026 mors

178 1056 342 1104 longior.
404 1055 450 1090 In
480 1055 589 1090 nulla
617 1068 658 1091 re
688 1058 812 1104 magis
842 1068 959 1104 quam
989 1057 1029 1090 in
1058 1059 1185 1090 morte
1215 1067 1365 1090 morem

177 1123 309 1156 animo
332 1133 470 1167 gerere
499 1119 701 1155 debemus.
761 1119 902 1164 Exeat,
923 1133 998 1169 qua
1018 1122 1213 1167 impetum
1235 1121 1365 1167 cepit;

178 1188 258 1221 sive
279 1184 426 1221 serrum
447 1187 602 1233 appetit
628 1187 709 1220 sive
733 1184 919 1233 laqueum
939 1187 1019 1220 sive
1039 1184 1211 1233 aliquam
1238 1186 1364 1232 potio-

177 1263 270 1286 nem
298 1262 416 1285 venas
442 1254 718 1298 occupantem,
738 1254 878 1297 pergat
909 1254 950 1285 et
979 1249 1134 1285 vincula
1163 1251 1363 1285 servitutis

177 1315 395 1362 abrumpat.
455 1314 587 1350 Vitam
614 1318 655 1350 et
685 1313 768 1349 aliis
794 1313 1011 1362 adprobare
1038 1316 1203 1363 quisque
1227 1313 1363 1358 debet,

177 1384 347 1415 mortem
391 1379 473 1415 sibi.
552 1378 717 1427 Optima
759 1383 832 1422 est,
871 1391 972 1427 quae
1010 1378 1152 1427 placet.
1229 1376 1361 1414 Stulte

177 1444 275 1480 haec
309 1446 558 1492 cogitantur:
599 1443 776 1492 “aliquis
810 1443 917 1479 dicet
946 1456 1010 1479 me
1040 1456 1177 1492 parum
1206 1442 1363 1479 fortiter

177 1508 330 1553 fecisse,
360 1508 499 1557 aliquis
533 1510 649 1543 nimis
683 1512 849 1552 temere,
878 1507 1018 1557 aliquis
1049 1507 1168 1544 fuisse
1202 1507 1361 1557 aliquod

177 1586 303 1623 genus
341 1575 478 1608 mortis
517 1572 766 1608 animosius.”
841 1572 906 1607 Vis
946 1577 989 1608 tu
1029 1575 1203 1621 cogitare
1242 1572 1281 1608 id
1320 1575 1360 1608 in

176 1638 357 1674 manibus
378 1650 462 1673 esse
490 1637 711 1682 consilium,
731 1637 782 1673 ad
802 1636 909 1686 quod
929 1636 1032 1672 fama
1056 1650 1135 1673 non
1159 1638 1358 1686 pertinet!

178 1702 267 1738 Hoc
297 1715 420 1737 unum
450 1705 622 1746 intuere,
648 1707 692 1738 ut
721 1706 763 1738 te
793 1701 977 1737 fortunae
1007 1714 1124 1750 quam
1154 1701 1359 1738 celerrime

227 1785 242 1799 a
267 1778 380 1810 When
396 1778 458 1810 the
473 1784 496 1796 ‘⁶
506 1778 643 1810 natural
655 1778 874 1819 advantages
884 1777 902 1789 ”
915 1780 967 1817 (τὰ
981 1780 1061 1808 κατὰ
1075 1779 1185 1817 φύσιν)
1198 1778 1238 1809 of
1251 1778 1360 1820 living

175 1833 234 1853 are
264 1821 489 1863 outweighed
514 1821 562 1862 by
586 1821 647 1853 the
679 1821 955 1862 corresponding
985 1820 1272 1862 disadvantages‚
1298 1822 1359 1853 the

174 1864 391 1896 honourable
416 1875 497 1896 man
514 1875 608 1906 may,
627 1864 816 1905 according
837 1867 874 1896 to
893 1863 954 1895 the
975 1864 1117 1904 general
1139 1864 1235 1896 Stoic
1257 1866 1356 1901 view,

174 1907 258 1939 take
287 1907 340 1939 his
369 1907 566 1949 departure.
616 1907 778 1939 Socrates
806 1907 876 1938 and
901 1906 989 1939 Cato
1017 1917 1107 1938 were
1135 1906 1230 1948 right
1256 1908 1291 1938 in
1319 1917 1358 1939 so

175 1951 294 1991 doing,
309 1950 499 1992 according
513 1953 550 1982 to
564 1950 699 1983 Seneca
713 1963 721 1987 ;
745 1950 809 1982 but
825 1950 869 1981 he
886 1949 1078 1981 condemns
1095 1950 1177 1991 (Ep.
1194 1951 1285 1982 xxiv.
1303 1951 1358 1990 25)

174 1993 276 2025 those
296 1995 592 2035 contemporaries
609 1993 687 2025 who
704 1993 774 2024 had
790 2003 952 2025 recourse
967 1995 1005 2025 to
1023 1992 1155 2025 suicide
1171 2003 1210 2024 as
1226 2004 1247 2025 a
1263 2003 1357 2025 mere

175 2036 280 2068 whim
297 2036 337 2067 of
350 2036 499 2068 fashion.

175 2087 225 2125 62
