1434 2333
375 123 490 158 THE
520 122 774 160 EPISTLES
804 122 874 159 OF
904 123 1111 160 SENECA

151 208 262 245 facio.
323 209 474 245 Invitus
502 210 682 259 relinquo
709 210 833 247 officia
858 214 976 257 vitae,
997 212 1139 261 quibus
1166 212 1339 249 fideliter

150 268 193 299 et
222 262 416 299 industrie
436 262 617 312 fungor.'’
676 262 815 309 Quid?
872 264 932 301 Tu
961 268 1088 301 nescis
1109 279 1231 302 unum
1251 278 1337 302 esse

151 329 199 352 ex
219 318 324 352 vitae
346 316 479 353 officiis
506 321 548 354 et
576 318 702 354 mori?
761 318 927 354 Nullum
946 319 1115 355 officium
1134 319 1334 369 relinquis.

151 369 241 405 Non
280 372 387 406 enim
425 376 556 407 certus
594 384 795 416 numerUS,
828 385 947 421 quem
982 372 1129 409 debeas
1163 373 1338 422 explere,

81 421 130 457 20
149 422 294 460 finitur.
373 424 493 460 Nulla
530 428 611 461 vita
648 430 710 462 est
747 438 827 461 non
865 426 1004 463 brevis.
1079 427 1179 462 Nam
1219 429 1249 463 si
1288 426 1338 463 ad

149 481 331 513 naturam
351 490 482 514 rerum
505 482 738 527 respexeris,
760 482 880 516 etiam
911 479 1090 516 Nestoris
1117 485 1159 516 et
1186 479 1337 516 Sattiae

149 531 278 567 brevis
299 536 372 576 est,
393 544 494 581 quae
514 533 673 568 inscribi
702 538 961 569 monumento
990 546 1059 569 suo
1088 537 1201 570 iussit
1223 536 1336 569 annis

149 597 190 620 se
210 588 429 634 nonaginta
449 598 591 622 novem
618 589 770 623 vixisse.
831 586 952 624 Vides
979 587 1151 636 aliquem
1180 587 1338 637 gloriari

147 643 356 675 senectute
386 639 515 688 longa.
576 639 675 685 Quis
703 640 811 676 illam
832 639 934 678 ferre
964 643 1172 690 potuisset,
1193 643 1224 677 si
1245 654 1337 677 con-

147 694 305 741 tigisset
334 696 597 729 centesimum
626 694 822 743 implere?
878 694 1089 740 Quomodo
1116 694 1262 740 fabula,
1283 697 1337 731 sic

146 748 226 782 vita
255 759 335 782 non
364 760 481 796 quam
511 747 591 792 diu,
613 747 683 784 sed
712 761 831 797 quam
859 749 961 784 bene
991 753 1079 784 acta
1108 751 1171 793 sit,
1200 748 1333 786 refert.

148 798 257 835 Nihil
273 799 323 836 ad
338 813 421 836 rem
442 803 631 849 pertinet,
648 814 726 850 quo
745 801 831 838 loco
847 802 1013 838 desinas.
1073 801 1335 851 Quocumque

147 853 253 889 voles
300 853 463 897 desine3
515 859 673 891 tantum
721 855 864 891 bonam
912 855 1127 892 clausulam
1174 858 1332 904 inpone.

146 906 265 943 VALE.

626 1049 854 1087 LXXVIII.

412 1135 565 1172 SENECA
596 1135 755 1171 LVCILIO
785 1149 851 1171 svo
881 1148 1052 1172 SALVTEM

104 1217 120 1253 l
211 1217 355 1254 Vexari
393 1222 434 1254 te
473 1217 808 1254 destillationibus
847 1218 991 1254 crebris
1029 1231 1074 1254 ac
1119 1217 1334 1263 febriculis,

143 1284 244 1320 quae
274 1271 413 1320 longas
443 1270 734 1307 destillationes
763 1276 805 1307 et
834 1274 874 1307 in
906 1271 1236 1308 consuetudinem
1265 1272 1333 1308 ad-

143 1325 282 1361 ductas
303 1330 504 1370 secuntur,
525 1337 572 1361 eo
592 1325 798 1361 molestius
818 1324 915 1360 mihi
936 1330 1010 1370 est,
1031 1328 1122 1374 quia
1146 1330 1333 1374 expertus

143 1391 229 1414 sum
264 1378 339 1414 hoc
369 1391 495 1427 genus
530 1378 782 1423 valetudinis,
811 1378 917 1427 quod
956 1381 1061 1414 inter
1094 1381 1207 1415 initia
1241 1392 1332 1415 con-

143 1435 312 1481 tempsi3
342 1437 499 1481 poterat
525 1431 654 1468 adhuc
681 1432 954 1468 adulescentia
980 1435 1139 1469 iniurias
1166 1432 1270 1469 ferre
1292 1438 1333 1469 et

143 1499 184 1522 se
219 1485 405 1522 adversus
438 1486 596 1522 morbos
629 1489 918 1522 contumaciter
951 1498 1100 1535 gerere.
1173 1485 1332 1523 Deinde

143 1540 331 1576 succubui
352 1544 394 1576 et
414 1552 461 1576 eo
482 1539 698 1588 perductus
719 1552 818 1585 sum,
838 1544 884 1576 ut
908 1542 991 1588 ipse
1018 1539 1263 1577 destillarem
1282 1540 1332 1577 ad

102 1595 335 1630 2summam
374 1596 542 1629 maciem
580 1593 787 1630 deductus.
847 1592 975 1642 Saepe
1013 1596 1208 1642 impetum
1244 1597 1331 1643 cepi

141 1647 438 1696 abrumpendae
460 1650 588 1691 vitae;
617 1649 739 1696 patris
755 1659 819 1683 me
839 1646 1175 1695 indulgentissimi
1196 1660 1331 1684 senec-

142 1706 206 1737 tus
236 1703 411 1737 retinuit.
471 1700 651 1750 Cogitavi
681 1703 787 1737 enim
816 1713 895 1736 non
924 1713 1041 1749 quam
1071 1700 1228 1737 fortiter
1256 1714 1331 1750 ego

195 1785 210 1799 ‘1
234 1779 267 1811 A
283 1778 488 1811 tradItional
504 1778 665 1820 example
681 1778 721 1810 of
737 1778 795 1810 old
811 1789 886 1820 age,
906 1778 1111 1810 mentioned
1127 1778 1175 1820 by
1190 1778 1331 1811 Martial

142 1822 213 1854 and
228 1822 291 1854 the
307 1821 402 1854 elder
420 1821 533 1864 Pliny.

196 1867 208 1886 ⁶
231 1864 404 1907 Compare
435 1865 496 1897 the
527 1865 594 1897 last
625 1864 739 1897 words
766 1864 806 1896 of
832 1864 894 1896 the
921 1863 1093 1905 Emperor
1122 1864 1330 1906 Augustus:

142 1909 267 1941 amicos
277 1912 500 1951 percontatus
517 1908 633 1950 ecquid
655 1908 695 1940 iis
711 1908 883 1940 videretur
899 1907 1037 1939 *mimum
1056 1908 1143 1939 vitae
1161 1910 1330 1941 commode

143 1952 343 1994 transeyisse
358 1951 470 1993 (Suet.
485 1952 579 1994 Any.
599 1952 664 1991 99).

195 2002 206 2016 ⁰
229 1994 280 2027 To
294 1995 380 2028 such
393 2006 414 2027 a
427 1995 556 2036 degree
569 1994 647 2026 that
663 1993 827 2027 Seneca's
840 2003 968 2034 enemy
981 1993 1140 2035 Caligula
1156 1994 1331 2026 refrained

141 2039 232 2070 from
248 2039 437 2079 executing
452 2038 538 2075 him,
556 2048 601 2070 on
618 2037 678 2069 the
695 2036 832 2078 ground
848 2036 927 2068 that
944 2036 988 2068 he
1005 2036 1120 2068 would
1138 2047 1223 2069 soon
1241 2037 1307 2070 die.

146 2095 220 2127 180
